2648 4824
215 382 297 427 xmv
582 359 917 427 TESTIMONIA

214 489 266 556 vel
284 490 338 582 jus
353 489 530 556 tribunitiae
549 491 738 582 potestatis,
756 487 808 557 vel
830 490 1063 558 auctoritatem
1084 506 1240 580 senatuS,
1251 509 1285 562 et

214 593 303 688 leges
334 597 501 688 antiquas,
524 610 557 662 et
583 620 710 663 morem
733 596 896 687 majorum
925 595 1140 682 defendente,
1167 599 1284 693 populi

214 698 366 769 libertate
393 700 535 794 denique
557 701 706 769 nondum
729 726 864 795 prorsus
887 726 1061 795 oppressa,
1083 702 1184 771 libere
1206 706 1283 798 qui-

215 805 291 875 dem
314 807 385 875 haec
404 806 573 892 dicuntur,
593 807 650 875 sed
673 832 779 900 neque
802 807 1045 901 imprudenter,
1063 823 1096 876 et
1110 810 1179 877 sine
1195 811 1285 904 peri·

216 911 301 981 culo.
321 914 362 979 In
378 911 585 1006 Thrasybulo
604 905 730 1000 (vul,
751 940 791 1001 2,
810 906 942 1002 4,)sic
964 939 971 981 :
999 916 1151 1007 «Neque
1171 930 1284 983 tamen

215 1043 278 1112 pro
296 1019 450 1111 opinione
474 1016 670 1112 Thrasybuli
692 1033 796 1088 auctae
815 1034 892 1087 sunt
908 1043 1008 1113 opes;
1027 1045 1104 1088 nam
1120 1021 1188 1113 jam
1212 1036 1285 1089 tum

215 1121 277 1191 illis
302 1125 507 1218 temporibus
530 1125 648 1193 fortius
674 1125 752 1194 boni
780 1151 842 1218 pro
870 1124 1020 1196 libertate
1043 1124 1287 1219 loquebantur,

214 1254 312 1322 quam
333 1231 567 1324 pugnabant.»
585 1231 757 1324 Significat
771 1245 887 1300 auctor
907 1231 1005 1323 hujus
1026 1230 1119 1314 libri,
1132 1232 1287 1300 homines

216 1336 314 1403 etiam
334 1337 537 1430 temporibus
559 1335 640 1424 illis,
659 1337 778 1430 quibus
801 1339 883 1404 vixit
897 1336 1143 1429 Thrasybulus,
1165 1364 1286 1431 quem-

131 1482 132 1486 =
216 1440 395 1510 admodum
426 1445 515 1526 suis,
543 1445 728 1537 paratiores
755 1442 797 1509 ad
823 1442 1062 1512 defendendam
1098 1442 1286 1512 libertatem

217 1546 317 1615 fuisse
334 1549 466 1630 verbis,
485 1573 585 1642 quam
607 1548 710 1616 factis.
733 1551 784 1616 Ex
801 1573 868 1641 quo
889 1547 1069 1642 intelligere
1090 1547 1186 1636 licet,
1207 1575 1286 1618 eum

216 1650 360 1721 libertati
382 1654 520 1740 favisse,
540 1669 573 1722 et
588 1643 773 1748 a'potentia
794 1653 950 1747 singulari
973 1656 1120 1731 animum
1140 1653 1286 1723 alienum

216 1758 391 1828 habuisse:
411 1760 501 1854 quod
519 1759 616 1854 longe
636 1783 729 1829 secus
750 1775 852 1846 esset,
867 1762 894 1828 si
908 1759 1090 1831 Theodosii
1110 1775 1206 1829 aetate
1224 1761 1285 1829 flo-
1311 1783 1314 1786 ⁴

210 1867 343 1933 ruisset.
352 1865 474 1934 Videat
488 1864 592 1935 lector
609 1879 643 1933 et
657 1891 729 1959 quae
745 1865 787 1932 ad
805 1866 895 1935 hune
910 1864 1022 1942 locum,
1042 1868 1284 1935 annotavimus.

217 1974 259 2069 ln
280 1973 392 2039 Dione
415 1965 493 2060 (X,
512 1995 558 2065 9,
584 1962 647 2059 5,)
671 1973 745 2041 sic:
772 2001 789 2035 a
805 1973 887 2058 Hic,
907 1974 991 2042 sicut
1011 1986 1089 2049 ante
1110 1997 1194 2065 saepe
1216 1972 1286 2041 die-

218 2090 290 2144 tum
309 2092 375 2164 est,
389 2103 488 2170 quam
507 2078 610 2146 invisa
626 2079 668 2146 sit
685 2077 857 2171 singularis
872 2080 1036 2171 potentia,
1052 2093 1085 2158 et
1099 2078 1288 2149 miseranda

211 2183 305 2269 ¹vita,
335 2184 448 2275 quise
477 2185 597 2270 metui,
620 2209 719 2278 quam
740 2185 864 2270 amari,
884 2182 1037 2269 malunt,
1060 2185 1163 2252 cuivis
1192 2183 1289 2253 facile

218 2287 387 2356 intellectu
399 2289 494 2357 fuit.»
507 2290 617 2358 Etiam
630 2289 684 2357 hic
699 2289 792 2359 locus
806 2303 1006 2382 argumento
1017 2304 1086 2374 est,
1099 2315 1168 2359 non
1182 2289 1291 2361 solum

219 2395 446 2486 tyrannidem,
460 2421 533 2489 quae
549 2420 679 2489 semper
694 2396 831 2488 injusta,
842 2411 876 2463 et
889 2395 1081 2490 odio‘digna
1092 2410 1158 2480 est,
1171 2421 1290 2465 uerum

214 2502 317 2574 ,etiam
348 2500 545 2594 singularem
576 2503 783 2595 potentiam,
807 2527 879 2594 quae
905 2516 1109 2594 potestesse
1130 2501 1220 2594 justa
1255 2517 1290 2571 et

220 2604 344 2700 populo
364 2622 474 2700 grata,
495 2605 600 2701 qualis
622 2623 671 2675 est
688 2609 853 2699 justorum
882 2632 1015 2700 regum,
1034 2606 1123 2674 lruio·
1136 2609 1290 2701 scriptori

219 2714 358 2782 invisam
372 2713 480 2783 fuisse.
495 2713 593 2800 Quod
611 2715 636 2780 si
650 2713 705 2782 hic
723 2713 1019 2796 liber,The0dosi0
1034 2713 1209 2806 imperium
1219 2713 1289 2783 ob·

220 2821 359 2915 tinente,
376 2823 519 2914 scriptus
539 2821 742 2906 esset,itane
760 2818 896 2887 licenter
912 2833 950 2910 et,
962 2833 1075 2913 aperte
1093 2818 1192 2910 hujus
1215 2817 1291 2886 libri

217 2926 330 3020 ,opifex
356 2927 512 2995 adversus
538 2924 736 3021 singularem
764 2927 968 3020 potentiam,
992 2949 1065 3018 quae
1091 2923 1176 2992 nihil
1200 2922 1291 2993 aliud

218 3047 286 3114 est,
308 3057 407 3125 quam
430 3032 580 3126 μοναρχία
605 3049 663 3101 aut
690 3031 847 3119 βασιλεία,
870 3032 935 3100 hoc
953 3045 1019 3116 est,
1041 3054 1198 3124 regnum,
1217 3029 1293 3123 styli

221 3140 271 3205 sui
290 3163 483 3206 mueronem
511 3137 756 3207 destrinxisset?
773 3141 813 3205 ln
832 3135 1064 3231 Epaminonda
1085 3130 1197 3223 (XV,
1220 3160 1266 3206 10
1286 3189 1295 3223 ,

224 3240 267 3328 3,
282 3238 306 3331 )
317 3245 383 3311 sie:
414 3273 430 3307 κ
453 3244 531 3330 Quo
549 3258 716 3338 tempore,
726 3288 728 3292 ι
738 3243 822 3313 duce
841 3232 1015 3337 Pelopida,
1031 3241 1141 3311 exules
1157 3241 1292 3310 Thebas

220 3364 444 3442 occuparunt,
455 3364 487 3417 et
499 3350 686 3443 praesidium
695 3350 1023 3419 Lacedaemoniorum
1039 3373 1080 3426 ex
1095 3371 1294 3442 arceexpur

222 3454 771 3550 lerunt,Epaminondas,quamdiu
780 3456 867 3524 facta
875 3469 925 3524 est
933 3455 1038 3524 eaedes
1046 3453 1295 3544 civium,domo

223 3587 257 3630 se
273 3562 396 3648 tenuit3
409 3561 498 3655 quod
513 3587 620 3655 neque
636 3560 741 3631 malos
752 3561 927 3630 defendere
942 3559 1076 3629 volebat
1085 3604 1098 3649 ,-
1106 3583 1214 3652 neque
1227 3561 1296 3627 im-

223 3692 392 3764 pugnare,
409 3694 450 3735 ne
468 3693 585 3738 manus
604 3693 740 3737 suorum
755 3669 913 3762 sanguine
927 3681 1135 3737 cruentaret:
1151 3689 1298 3758 namque

223 3799 356 3844 omnem
370 3773 500 3842 civilem
512 3775 685 3844 victoriam
701 3774 863 3846 funestam
877 3774 1023 3868 putabat.
1044 3802 1060 3837 n
1083 3770 1226 3841 Videtur
1244 3772 1297 3841 bis

223 3880 333 3950 verbis
354 3894 467 3950 noster
483 3883 624 3976 scriptor
642 3896 675 3949 et
690 3879 765 3948 belli
782 3878 889 3949 civilis
909 3896 1078 3966 auctores,
1099 3879 1315 3973 Pompeium·

223 4001 257 4054 et
284 3990 474 4076 Caesarem,
498 3989 533 4058 in
555 4013 621 4082 quo
648 4001 776 4057 tantum
802 3987 979 4080 sanguinis
994 3984 1098 4055 civilis
1122 3985 1300 4079 profusum
