2648 4824
419 367 482 438 ΕΤ
507 370 526 437 J
536 368 736 436 UDICIA.
1047 394 1116 439 xnv

51 506 103 593 sit,
115 518 251 588 notare,
265 514 299 568 et
311 500 411 568 tacite
422 500 595 593 Pomponii
611 500 711 567 Attici
726 497 898 566 consilium
914 500 1114 593 approbare,

52 613 103 705 qui
115 608 210 678 bellis
230 605 397 693 civilibus,
415 631 487 699 quae
507 608 541 673 in
563 605 633 697 ejus
649 618 779 672 aetatem
800 603 1007 693 inciderunt,
1029 608 1116 675 inte-

52 741 136 785 resse
151 713 313 799 noluerit,
328 711 384 780 sed
401 712 491 780 domi
506 737 540 780 se
554 711 772 797 continuerit,
785 724 819 778 et
834 712 1011 804 quieverit,
1024 714 1116 807 quod

53 822 182 916 quidem
193 818 439 913 prudentissimi
451 819 513 885 viri
527 814 700 885 consilium
713 816 902 910 factumque
914 819 1019 886 exitus
1032 843 1118 887 com-

54 928 213 1023 probavit.
232 927 320 992 Nam
338 921 408 992 aliis
424 924 593 1006 omnibu's,
609 925 666 1016 qui
683 921 734 990 vel
755 923 832 1010 has,
846 921 899 991 vel
921 922 992 993 illas
1006 940 1116 1018 partes

54 1034 153 1103 secuti
183 1043 303 1118 erant,
329 1044 387 1097 aut
414 1031 607 1124 proscriptis
636 1042 670 1097 et
697 1027 878 1123 jugulatis,
902 1045 960 1098 aut
986 1033 1020 1098 in
1048 1033 1117 1100 acie

55 1137 278 1231 interemptis,
298 1160 384 1204 unus
402 1138 531 1204 Atticus
552 1133 661 1203 salvus
678 1157 719 1202 ex
743 1150 794 1203 tot
818 1136 981 1229 tantisque
1004 1139 1117 1232 reipu-

54 1243 143 1314 blicae
163 1241 320 1312 fluctibus
341 1243 482 1311 emersit.
501 1245 617 1334 Itaque
635 1240 676 1308 de
696 1265 737 1308 eo
756 1243 801 1308 ita
816 1241 991 1310 Cornelius
1004 1245 1118 1337 Nepos

56 1353 85 1419 in
103 1351 175 1443 ejus
192 1350 259 1416 vita
271 1341 285 1437 l
297 1350 416 1433 XXV,
436 1373 500 1435 ro,
519 1341 589 1436 6):
609 1345 786 1435 «Quodsi
806 1347 1008 1440 gubernator
1029 1373 1116 1443 prae-

58 1458 152 1551 cipua
173 1453 271 1523 laude
293 1454 417 1541 fertur,
437 1455 494 1548 qui
507 1477 627 1521 navem
644 1477 685 1522 ex
703 1453 815 1520 hieme
828 1455 976 1548 marique
998 1479 1116 1549 scopu·

57 1560 123 1631 loso
144 1574 275 1647 servat3
288 1583 349 1627 cur
362 1584 429 1627 non
444 1557 615 1654 singularis
628 1560 698 1652 ejus
712 1558 915 1626 existimetur
927 1560 1118 1655 prudentia,

57 1671 109 1761 qui
130 1692 172 1735 ex
192 1681 244 1735 tot
264 1680 397 1759 tamque
419 1666 574 1760 gravibus
596 1662 747 1759 procellis
768 1663 918 1733 civilibus
931 1665 974 1733 ad
991 1666 1118 1735 incolu-

59 1775 202 1842 mitatem
230 1769 404 1867 pervenit?
429 1801 446 1836 a
474 1775 515 1839 ln
534 1769 687 1864 Agesilao
715 1765 858 1860 (XVII,
881 1773 923 1859 4,
946 1764 1015 1860 2,)
1040 1774 1086 1842 sic
1109 1800 1116 1841 :

64 1883 138 1948 «·In
159 1879 228 1947 hoc
251 1903 320 1946 non
343 1879 452 1947 minus
473 1878 543 1971 ejus
562 1879 666 1972 pietas
693 1876 900 1974 suspicienda
919 1892 993 1965 est,
1019 1903 1118 1972 quam

60 1987 158 2054 virtus
175 1982 316 2053 bellica:
334 1985 410 2077 qui,
430 2009 534 2077 quum
552 1985 670 2052 victori
686 1996 841 2077 praeesset
854 1986 1031 2072 exercitui,
1048 2010 1117 2053 ma-

62 2092 242 2184 ximamque
268 2090 406 2158 haberet
436 2089 592 2158 fiduciam
622 2091 717 2184 regni
744 2092 920 2158 Persarum
944 2090 1119 2184 potiundi,

62 2211 146 2266 tanta
164 2196 327 2266 modestia
344 2195 435 2264 dicto
451 2194 586 2264 audiens
602 2194 665 2263 fuit
679 2196 776 2288 jussis
796 2195 981 2265 absentium
999 2199 1119 2292 magis·

64 2317 224 2391 tratuum,
245 2317 285 2371 ut
309 2304 336 2371 si
359 2303 507 2397 privatus
529 2304 563 2370 in
590 2302 724 2371 comitio
745 2317 831 2371 esset
850 2304 985 2396 Spartae.
1015 2305 1120 2397 Cujus

66 2408 246 2505 exemplum
265 2410 393 2477 utinam
408 2410 622 2502 imperatores
643 2409 747 2476 nostri
769 2410 860 2501 sequi
880 2407 1080 2478 voluissent!
1098 2442 1115 2476 a

66 2517 122 2584 Hic
139 2515 233 2603 locus
255 2512 390 2599 clamat,
404 2529 573 2583 auctorem
591 2514 689 2607 hujus
707 2513 782 2581 libri
799 2537 936 2609 carpere
953 2530 987 2584 et
1004 2531 1120 2585 notare

67 2621 205 2716 Pompeii
220 2635 254 2689 et
268 2621 422 2708 Caesaris,
441 2620 498 2690 sed
520 2620 660 2688 maxime
680 2621 834 2707 Caesaris,
853 2622 1034 2715 potentiam
1052 2649 1120 2692 non

68 2724 245 2813 ferendam,
255 2727 312 2820 qui
329 2728 504 2821 imperium
519 2740 551 2794 et
566 2726 746 2795 exercitum
768 2727 910 2796 retinere
929 2725 1016 2795 ultra
1032 2742 1119 2796 tem·

68 2855 121 2924 pus
140 2832 214 2927 lege
239 2856 432 2901 concessum
449 2831 599 2901 voluerit.
621 2833 730 2901 Etiam
749 2832 899 2902 adhunc
919 2831 1030 2900 locum
1046 2835 1121 2903 vide

68 2963 131 3030 qua
149 2940 390 3008 annotavimus.
407 2942 448 3007 ln
461 2941 611 3007 Eumene
625 2930 783 3027 (XVIII,
804 2962 840 3025 1,
858 2931 913 3027 5,)
930 2940 975 3006 sic
992 2966 999 3007 :
1019 2968 1036 3002 <c
1053 2943 1119 3008 Ita·

68 3067 123 3135 que
135 3070 213 3112 eum
226 3044 343 3113 habuit
356 3044 397 3112 ad
412 3069 548 3113 manum
564 3043 678 3114 scribae
694 3041 768 3112 loco
782 3069 789 3110 :
804 3043 894 3137 quod
910 3042 1014 3113 multo
1032 3047 1121 3141 apud

70 3151 180 3220 Graios
204 3150 476 3220 honorificentius
503 3165 571 3237 est,
596 3175 695 3245 quarn
719 3149 808 3244 apud
835 3151 1013 3220 Romanos.
1034 3155 1122 3223 Nam

68 3257 147 3348 apud
169 3282 230 3326 nos
257 3281 389 3344 revera,
421 3259 507 3325 sicut
528 3271 621 3343 sunt,
649 3258 842 3325 mercenarii
867 3257 981 3328 scribae
1008 3261 1121 3328 existi·

68 3378 203 3432 mantur.
226 3393 243 3429 >i
261 3365 370 3432 Etiam
384 3363 439 3431 hic
452 3361 544 3432 locus
559 3362 702 3450 indicat,
716 3363 806 3430 hunc
821 3361 942 3431 librum
954 3389 1024 3432 esse
1038 3367 1121 3434 scri-

67 3481 153 3559 ptum
175 3471 336 3538 Romanis
358 3470 505 3564 potentia
526 3466 640 3564 populi
658 3483 691 3537 et
712 3470 906 3538 auctoritate
927 3473 1123 3563 optimatum

67 3576 243 3661 utentibus,
259 3599 327 3643 non
341 3575 594 3669 imperatoribus
609 3574 864 3644 dominantibus.
879 3576 980 3663 Quod
995 3577 1123 3672 planius

67 3676 132 3767 fiet,
146 3682 173 3749 si
188 3683 262 3775 quis
275 3680 379 3776 legat,
392 3706 465 3775 quae
482 3683 580 3749 etiam
595 3680 636 3748 ad
652 3681 743 3749 hunc
755 3679 865 3750 locum
885 3684 1122 3751 annotavimus.

67 3784 189 3857 Ibidem
210 3778 375 3875 (XVIII,
391 3785 431 3875 3,
445 3791 480 3874 Δ,
491 3780 505 3876 )
518 3788 585 3856 sio:
605 3787 837 3856 «Macedones
852 3813 933 3857 vero
953 3788 1071 3857 milites
1086 3812 1125 3855 ea

66 3903 140 3968 tunc
167 3907 265 3962 erant
288 3893 395 3980 fama,
423 3918 489 3986 qua
517 3918 606 3963 nunc
632 3894 775 3962 Romani
800 3895 976 3964 feruntur:
1003 3896 1125 3962 etenim

67 4020 190 4094 semper
212 3999 317 4068 habiti
332 4014 408 4069 sunt
427 4000 612 4087 fortissimi,
633 4003 690 4093 qui
708 4024 872 4070 summam
894 4001 1021 4094 imperii
1043 4002 1128 4094 poti·
