2648 4824
522 326 659 395 VITA.
837 356 840 363 ·
1070 349 1118 405 xv

58 479 126 571 ejus
145 476 188 545 ad
204 476 400 545 Ciceronem
415 475 565 568 quaedam
582 474 773 544 Iactamius
788 472 906 561 affert,
922 471 976 544 lib.
992 477 1118 547 111111-

57 585 158 653 stitut.
177 584 328 651 Divinar.
347 605 417 676 cap.
445 578 500 650 15.
523 579 812 670 Quemadmodum
832 596 868 652 et
889 581 1059 654 Ciceronis
1077 585 1119 655 ad

58 691 221 784 Nepotem
241 686 387 783 epistolae
405 689 554 755 meminit
573 686 782 781 Tranquillus
795 689 830 754 in
841 686 948 776 Iulio,
966 713 1039 784 cap.
1053 687 1119 780 55,

59 796 251 864 Ammianus
271 792 501 881 Marcellinus,
513 794 604 862 initio
623 792 696 861 libri
710 795 827 863 XXVI
836 797 849 881 ,'
859 817 898 862 ac
916 795 1119 886 Priscianus,

60 901 109 972 llb.
133 903 229 970 VIII.
256 903 331 968 Imo
359 915 393 968 et
421 898 603 967 secundum
636 900 805 969 Ciceronis
838 899 1057 994 epistolarum.
1076 901 1118 970 li·

60 1007 156 1075 brum
169 1005 212 1074 ad
224 1008 391 1099 Nepotem
404 1005 594 1075 Macrobius
612 1007 713 1092 citat,
725 1003 746 1073 l.
763 1008 798 1074 ΙΙ
814 1004 975 1075 Saturnal.
991 1032 1063 1101 cap.
1088 1032 1116 1077 1·

61 1111 159 1200 Quod
181 1114 208 1180 si
230 1113 303 1205 quis
321 1111 505 1204 fragmenta
528 1113 640 1179 omnia
656 1113 795 1204 Nepotis
819 1111 1000 1200 desideret,
1023 1113 1119 1208 longe

62 1219 96 1286 iis
111 1215 303 1311 colligendis
324 1219 471 1311 priorum
484 1218 565 1284 vicit
581 1217 774 1286 industriam
789 1217 937 1286 Andreas
951 1219 1117 1289 Schottus.

62 1322 256 1395 Hermolaus
283 1321 466 1405 Barbarus,
490 1323 756 1416 castigationibus
777 1324 812 1389 in
833 1321 929 1390 Plinii
952 1321 1006 1392 lib.
1029 1327 1118 1412 XV,

64 1453 129 1522 cap.
156 1432 222 1514 nd,
238 1443 368 1515 censet,
384 1427 529 1497 libellum
545 1427 588 1495 de
607 1429 698 1497 Viris
716 1426 914 1514 illustribus,
935 1431 992 1522 qui
1013 1429 1119 1501 Plinio

64 1536 160 1602 tribui
181 1533 282 1620 solet,
305 1533 449 1603 Cornelii
466 1535 605 1628 Nepotis
629 1557 715 1620 esse,
732 1532 822 1600 haud
839 1533 952 1618 Plinii;
970 1549 1068 1629 atque
1085 1539 1119 1606 id

67 1641 228 1708 veteribus
247 1640 343 1708 codd.
366 1639 490 1708 adstrui
513 1663 609 1732 posse
626 1653 798 1707 asseverat.
821 1641 929 1706 Etiam
951 1643 1025 1708 Jani
1048 1642 1119 1713 haec

67 1746 226 1814 Parrhasii
246 1747 405 1813 sententia
423 1744 494 1813 fuit.
517 1745 633 1812 Utrius
655 1746 713 1831 sit,
734 1743 876 1813 dubitari
898 1747 943 1813 ait
962 1748 1119 1838 Vinctus,

67 1875 122 1920 nec
144 1876 183 1919 ea
205 1851 303 1919 dere
328 1865 469 1919 statuere
490 1850 668 1943 quidquam
698 1874 795 1917 ausus
820 1864 877 1918 est.
906 1852 979 1918 Iino
1001 1851 1120 1946 aliqui,

69 1971 118 2024 aut
141 1958 354 2042 Suetonium,
374 1970 432 2024 ant
451 1957 619 2042 Tacitum,
637 1980 707 2023 esse
727 1969 918 2043 auctorem,
937 1971 1118 2049 putarunt:

70 2076 99 2128 ut
119 2062 244 2131 iudicat
259 2061 441 2154 Gyraldus,
454 2061 654 2154 *dialogismo
667 2063 793 2130 XXVI.
807 2061 872 2129 Sed
890 2064 1025 2132 omnino
1045 2081 1121 2134 sunt

70 2167 151 2234 Sexti
169 2166 295 2235 Aurelii
318 2169 485 2254 Victoris,
510 2181 548 2235 ut
567 2169 644 2235 satis
667 2191 755 2234 nunc
774 2180 902 2235 constat
920 2192 961 2235 ex
979 2169 1121 2240 editione

72 2272 202 2342 Andreae
223 2273 359 2341 Schotti.
385 2276 464 2343 Non
484 2272 599 2341 dubito
624 2273 771 2359 interim,
796 2273 874 2366 quin
898 2270 1053 2368 pleraque
1080 2301 1121 2345 ex

72 2377 193 2471 Nepote
209 2380 327 2446 Victor
341 2378 568 2472 desumpserit.
589 2380 677 2446 Nam
695 2377 784 2471 quod
801 2377 991 2448 Ludovicus
1003 2383 1120 2473 Vives,

73 2477 119 2550 lib.
134 2485 168 2552 V
189 2484 231 2552 de
253 2484 418 2552 tradendis
438 2483 633 2577 disciplinis,
652 2485 834 2578 Nepotem,
853 2485 915 2571 ait,
933 2484 975 2553 de
997 2488 1121 2561 Graecis

74 2587 170 2656 solum
193 2589 333 2658 ducibus
355 2590 538 2684 scripsisse,
553 2589 586 2655 id
597 2590 674 2657 satis
688 2589 845 2657 refellitur
860 2590 969 2658 verbis
982 2593 1121 2686 Nepotis

74 2710 160 2762 antea
186 2695 345 2764 adductis.
371 2698 433 2766 Vir
457 2694 681 2780 doctissimus,
707 2698 757 2763 Jo.
785 2697 893 2763 Maria
922 2698 1121 2788 Catanaeus,

75 2803 303 2869 commentario
333 2803 367 2868 in
388 2801 484 2869 Plinii
509 2799 631 2868 librum
650 2802 718 2888 IV,
737 2800 864 2894 epistol.
887 2801 962 2887 'n8,
987 2828 1060 2895 quae
1079 2804 1121 2874 ad

75 2903 225 2974 Severum
247 2907 368 3001 scripta
389 2921 452 2994 est,
470 2907 568 2974 etiam
587 2908 744 2974 Daretem
759 2905 971 3000 Phrygiuma
990 2909 1121 3003 Nepote

75 3011 261 3080 translatum
288 3011 473 3080 arbitratur.
495 3013 624 3104 Nempe
646 3010 774 3105 decepit
792 3036 867 3079 cum
892 3011 1036 3106 vulgaris
1060 3019 1122 3084 ἐπι-

74 3121 175 3208 γραφή.
187 3118 342 3186 Attamen
360 3132 393 3186 et
411 3118 465 3185 hic
477 3141 561 3210 aqua
575 3116 831 3205 haeretVineto,
846 3119 931 3186 notis
950 3121 983 3186 in
997 3122 1119 3190 Auson.

74 3218 158 3314 ldyll.
180 3225 257 3292 VII.
278 3227 386 3317 Negat
405 3247 493 3308 esse,
511 3224 568 3315 qui
582 3224 663 3290 certi
679 3221 800 3316 aliquid
817 3225 857 3293 de
873 3224 1044 3294 tralatione
1059 3227 1121 3297 hac

76 3332 151 3398 ausit
163 3327 338 3398 affirmare.
354 3330 452 3422 Atqui
463 3353 594 3411 omnes,
609 3329 725 3422 quibus
736 3328 839 3398 ullum
856 3332 891 3397 in
905 3330 993 3399 hisee
1007 3332 1121 3402 litteris

45 3444 48 3460 '
73 3429 224 3518 judicium
243 3449 308 3520 est,
322 3437 398 3504 satis
410 3433 542 3520 vident,
560 3459 621 3502 nec
635 3437 791 3502 Daretem
811 3435 903 3503 illum
921 3461 991 3505 esse
1008 3443 1120 3532 genui·

76 3557 165 3629 num,
180 3566 243 3610 nec
260 3542 437 3610 dictionem
457 3540 526 3630 ejus
543 3541 743 3633 Augusteam
763 3566 875 3635 sapere
897 3556 1045 3632 aetatem,
1065 3545 1121 3614 sed

76 3649 282 3715 recentiorem
300 3645 414 3715 multo.
435 3647 600 3738 Nepotem
614 3660 723 3713 autem
737 3649 873 3716 Caesaris
898 3650 1034 3742 Augusti
1052 3651 1121 3718 obi·

78 3748 130 3818 isse
151 3775 240 3840 aev0,
258 3748 381 3821 Plinius
401 3765 558 3837 testatur,
580 3750 634 3818 lib.
650 3754 721 3837 IX,
742 3776 814 3846 cap.
839 3749 897 3847 39.
926 3756 1033 3847 Atque
1057 3756 1122 3829 hoc

76 3852 206 3926 fortasse
224 3855 353 3953 impulit
374 3857 643 3944 Genebrardum,
660 3872 697 3925 ut
710 3872 856 3950 putaret,
872 3884 948 3926 eum
964 3874 1041 3927 nato
1052 3861 1121 3953 jam

77 3960 202 4032 Christo
222 3964 429 4057 superstitem
452 3962 573 4032 fuisse:
594 3964 650 4056 qui
668 3978 701 4030 et
719 3963 878 4032 Jacobum
897 3962 1124 4054 Gualteriuin,
