2648 4824
203 398 290 446 xxiv
442 373 668 445 NOTITIA
695 373 1025 442 LITTERARIA

202 513 298 583 sunt,
321 497 440 591 quibus
465 497 683 589 subjiciuntur
703 497 802 564 etiam
830 522 848 564 e
874 497 978 565 veteri
999 494 1083 563 libro
1113 495 1266 585 abbatia

203 602 371 672 Fesulanae
399 617 432 670 et
457 601 561 670 altero
579 602 769 670 Britannico
793 626 853 697 per
883 605 956 670 Ant.
982 603 1201 695 Augustinum
1230 617 1263 670 et

203 712 271 778 Jac.
291 709 508 803 Bongarsium
525 709 563 775 A.
584 708 730 786 Schotto.
742 710 932 777 transmissa
941 707 1124 802 fragmenta
1144 708 1211 777 duo
1223 733 1264 775 ex

204 813 352 908 Epistola
375 812 551 900 Corneliae,
569 813 747 882 virtutibus
760 828 794 881 et
813 811 999 907 eloquentia
1015 811 1200 882 clarissimae
1215 814 1263 881 fe-

205 922 320 1002 minae,
339 944 412 1011 quae
429 920 589 1013 Scipionis
606 919 749 988 Africani
764 918 860 1005 filia¹,
875 920 997 987 Tiberii
1018 920 1161 988 Gracchi
1175 922 1262 988 Cen·

206 1029 288 1094 soris
302 1050 404 1111 uxor,
424 1025 655 1095 Gracchorum
677 1050 757 1094 vero
775 1025 913 1113 Tiberii,
932 1040 965 1093 et
979 1025 1065 1109 Caii,
1087 1049 1125 1093 ac
1147 1025 1262 1094 decem

204 1145 363 1226 praeterea
384 1129 577 1218 liberorum,
597 1145 702 1199 mater
720 1130 790 1199 luit.
814 1133 942 1226 Scripta
962 1145 1011 1199 est
1031 1131 1072 1198 ad
1092 1133 1130 1198 C.
1154 1134 1264 1200 Grac-

206 1236 307 1305 chum
324 1235 448 1323 filium,
462 1252 501 1305 ut
520 1262 595 1304 eum
617 1236 827 1325 deterrereta
843 1236 1042 1332 capessenda
1062 1236 1263 1331 Republica,

205 1355 239 1409 et
256 1341 455 1411 vindicanda
477 1366 557 1410 nece
577 1341 686 1410 fratris
706 1345 742 1409 T.
767 1344 927 1431 Gracchi,
946 1343 1021 1411 licet
1042 1343 1111 1435 ipse
1132 1367 1272 1436 quoque,

206 1447 323 1515 deinde
343 1447 460 1535 fratre,
481 1449 538 1541 qui
557 1463 632 1517 ante
647 1449 849 1543 trigesimum
868 1451 970 1518 aetatis
989 1473 1112 1516 annum
1125 1448 1263 1516 obtrun-

206 1568 299 1622 catus
328 1552 451 1639 fuerat,
474 1579 594 1622 novem
617 1555 710 1621 annis
732 1556 855 1640 minor,
879 1556 1007 1624 somnio
1028 1556 1172 1622 monitus
1192 1580 1263 1622 rem

207 1661 320 1753 gessit,
340 1659 487 1754 neglecta
512 1661 625 1727 matris
644 1675 830 1752 opportuna
850 1661 1103 1746 dehortatione,
1125 1675 1266 1755 postque

207 1764 411 1833 tribunatum
425 1767 553 1834 occisus
565 1779 631 1850 est,
646 1790 734 1834 anno
744 1767 786 1834 U.
806 1769 843 1834 C.
863 1764 958 1852 633,
972 1781 1047 1834 ante
1061 1766 1122 1834 Ch.
1139 1768 1262 1834 CXXI.

208 1870 363 1939 Cornelia
387 1869 442 1937 illa
464 1868 580 1937 maluit
606 1869 706 1937 vidua
734 1873 849 1940 Romae
871 1896 984 1939 curam
1010 1896 1123 1966 gerere
1145 1871 1263 1940 educa·

207 1977 305 2044 tionis
323 1973 518 2061 liberorum,
530 1999 628 2068 quam
644 1967 719 2044 cum
739 1977 930 2063 Ptolemaeo,
948 1978 1079 2071 AEgypti
1097 2002 1191 2071 rege,
1209 1979 1265 2071 qui

208 2082 340 2175 nuptias
364 2081 433 2173 ejus
461 2080 621 2169 ambibat,
644 2106 799 2175 regnare,
826 2098 864 2152 ut
891 2082 990 2151 refert
1013 2080 1209 2151 Plutarchus
1230 2085 1265 2150 in

209 2189 276 2255 vita
295 2187 530 2257 Gracchorum
551 2187 706 2272 fratrum,
720 2214 752 2282 p.
776 2189 860 2273 824.
887 2191 959 2256 Caii
978 2189 1122 2257 Gracchi
1141 2186 1263 2257 librum

209 2308 372 2361 memorat
393 2292 500 2378 idem,
518 2319 549 2386 p.
568 2293 664 2380 828;
686 2296 867 2362 orationem
885 2319 948 2387 pro
969 2295 1101 2380 Vettio,
1123 2320 1154 2387 p.
1179 2291 1264 2365 835.

209 2397 429 2468 TibGracchi
437 2397 631 2491 eloquentiae
641 2401 819 2492 specimina
832 2399 1266 2493 quaedam'exhibet,p.828,

212 2501 282 2572 831
305 2528 384 2605 seq„
404 2505 442 2571 C.
463 2504 623 2588 Gracchi,
634 2531 665 2598 p.
683 2500 767 2574 836.
788 2505 855 2572 Ubi
874 2506 973 2572 etiam
991 2505 1033 2573 de
1050 2506 1119 2597 ejus
1138 2507 1173 2573 in
1192 2530 1265 2574 ma·

210 2624 295 2677 trem
313 2611 543 2695 veneratione,
564 2624 734 2703 statuaque
753 2609 914 2679 Comeliae
934 2609 1035 2677 afilio
1048 2612 1170 2703 posita3
1192 2636 1265 2704 quae

209 2729 335 2784 tantam
355 2714 472 2783 domus
490 2740 556 2784 suae
571 2713 698 2791 cladem
715 2718 915 2808 miserosque
932 2714 1075 2783 liliorum
1091 2740 1185 2785 casus
1199 2717 1266 2786 for-

211 2821 336 2891 tissimo
353 2836 451 2913 atque
463 2823 585 2889 invicto
601 2823 710 2889 animo
729 2821 818 2907 tulit,
835 2836 888 2907 ut,
903 2836 1023 2914 praeter
1036 2820 1265 2911 Plutarchum,

210 2955 243 3022 p.
255 2924 346 3012 843,
356 2926 501 2996 celebrat
512 2929 651 3014 Seneca,
665 2927 888 2996 consolatione
899 2927 942 2996 ad
951 2928 1127 3013 Marciam,
1137 2953 1164 2996 c.
1172 2931 1265 2996 XVI.

210 3030 414 3124 Eloquentiae
428 3033 656 3102 Gracchorum
674 3035 895 3102 testimonium
913 3047 1013 3101 estet
1031 3031 1096 3101 hoc
1112 3035 1268 3101 Mamerti

213 3135 405 3224 Claudiani,
423 3137 570 3230 Epistola
584 3138 625 3206 ad
638 3139 826 3232 Sapaudum
840 3139 1038 3206 Rhetorem:
1055 3167 1072 3201 c
1090 3141 1221 3208 Naevius
1235 3154 1269 3207 et

212 3243 347 3312 Plautus
372 3243 431 3309 tibi
451 3243 493 3310 ad
517 3243 728 3338 elegantiam,
747 3247 833 3312 Cato
853 3241 896 3311 ad
918 3244 1136 3338 gravitatem,
1158 3246 1268 3312 Varro

213 3347 255 3418 ad
276 3349 444 3442 peritiam,
473 3349 645 3417 Gracchus
672 3349 713 3417 ad
739 3351 971 3436 acrimoniam,
1001 3349 1208 3442 Chrysippus
1227 3350 1268 3417 ad

257 3553 281 3587 1.
298 3531 489 3596 Quintilianus,
504 3533 551 3584 lib.
567 3534 597 3595 Ι,
610 3551 666 3603 cap.
687 3551 717 3585 1:
761 3531 844 3597 citur3
859 3543 885 3584 et
900 3533 932 3596 Q.
951 3531 1085 3584 Hortensii
1101 3530 1163 3583 liliae
1184 3533 1268 3584 oratio

218 3641 229 3662 ι
244 3611 426 3666 Gracchorum
438 3612 593 3682 eloquentiae
606 3612 719 3663 multum
762 3610 1004 3682 apudTrinmviros
1012 3611 1101 3673 habita
1109 3611 1205 3680 legitur
1213 3631 1268 3664 non

213 3690 721 3761 contulisseaccepimusCorneliamma·
762 3703 866 3743 tantum
886 3691 914 3742 in
938 3709 1014 3743 sexus
1033 3691 1171 3742 honorem.
1193 3717 1203 3736 »ι
1228 3693 1267 3743 De

213 3786 298 3835 trem,
316 3771 390 3841 cujus
405 3762 571 3822 doctissimus
588 3789 673 3822 sermo
691 3771 719 3822 in
762 3769 943 3822 Gracchorum
960 3770 1108 3840 eloquentia
1124 3767 1185 3821 ride
1206 3770 1267 3822 Plu·

213 3865 334 3924 posteros
354 3869 459 3921 quoque
474 3863 513 3902 est
526 3850 650 3920 Epistolis
666 3861 719 3902 tra·
762 3850 891 3914 tacebam,
903 3869 929 3920 p.
941 3846 1194 3919 825.Epist01arum
1205 3849 1268 3902 Cor-

213 3930 303 3995 ditus3
319 3943 345 3982 et
360 3929 434 3982 Laelii
458 3929 512 3981 filia
529 3927 675 3981 reddidisse
690 3929 718 3981 in
761 3928 837 3982 neliae
851 3928 882 3981 ad
894 3928 979 3980 filium
994 3928 1087 3981 Caium
1101 3946 1207 3998 quoque
1217 3949 1271 3980 me·

213 4009 346 4082 loquendo
361 4022 498 4081 paternam
510 4009 665 4080 elegantiam
680 4007 720 4061 di·
753 4008 841 4061 minit
856 4009 883 4061 in
904 4006 995 4061 eadem
1012 4007 1082 4073 vita,
1098 4026 1125 4079 p.
1143 4009 1209 4072 840.
