2648 4824
493 398 560 465 ET
587 396 831 465 JUDICIA.
1131 424 1192 471 mx

180 528 247 600 Sed
269 529 363 596 aiunt
383 525 553 596 editores:
575 528 697 595 Evenit
714 527 782 595 hoo
803 527 1038 622 chronologia,
1061 527 1095 597 in
1116 533 1193 600 vitis

133 639 196 706 istis
219 634 412 705 ordinandis
430 647 577 719 servata,
597 647 637 700 ut
656 634 817 702 Datames
842 656 920 702 eum
938 633 1049 704 locum
1070 636 1194 706 obtine

134 759 188 812 ret.
200 742 321 812 Audio.
335 743 379 810 At
395 765 485 809 nune
504 762 617 834 quaero
630 764 637 806 :
653 739 753 809 Unde
767 740 863 809 nohis
878 741 940 810 ista
951 741 994 810 ad
1011 741 1192 812 chronolo-

134 852 187 944 giae
206 848 297 943 leges
316 847 404 917 facta
424 848 568 915 vitamm
584 844 769 914 ordinatio?
786 850 891 916 Estne
908 848 950 916 ab
969 863 1106 917 auctore
1120 851 1193 944 ipso

133 953 298 1024 instituta?
308 952 399 1041 Quid
409 1005 420 1041 ,
431 956 458 1021 si
468 952 534 1023 hoc
545 975 666 1047 negare
678 951 805 1021 ausim?
821 953 931 1041 Quid,
944 956 970 1023 si
986 955 1074 1024 hanc
1087 981 1191 1048 nega·

134 1064 251 1131 tionem
272 1061 495 1154 argumentis,
509 1083 550 1128 ex
569 1060 671 1154 ipsius
693 1061 801 1154 operis
822 1060 1088 1146 conformatione
1105 1063 1193 1157 peti-

134 1170 183 1257 tis,
202 1167 374 1237 adstruam
387 1181 485 1259 atque
500 1163 703 1235 sustineam?
722 1167 809 1260 Age,
828 1167 893 1236 hoc
912 1164 1138 1262 experiamur!

179 1277 268 1344 Cum
291 1286 448 1342 accurato
470 1286 504 1341 et
527 1272 638 1340 sobrio
665 1275 824 1366 scriptore
844 1298 898 1342 res
921 1273 1017 1342 nobis
1035 1288 1094 1343 est.
1116 1278 1193 1342 Non
1245 1322 1248 1328 ·

134 1380 209 1473 solet
222 1379 297 1448 talis
307 1381 342 1448 in
352 1379 567 1471 adornatione
584 1378 729 1473 partium
744 1380 841 1446 unius
853 1394 952 1472 atque
966 1380 1113 1473 ejusdem
1126 1380 1193 1449 his·

135 1488 224 1555 torici
240 1488 352 1580 operis
370 1510 390 1553 a
408 1487 505 1577 genio
524 1485 625 1553 totius
645 1482 834 1572 deflectere,
854 1499 887 1554 et
901 1509 1013 1554 secum
1032 1509 1191 1580 pugnare.

135 1593 206 1682 Quo
228 1594 311 1660 vitio
333 1592 387 1660 hic
413 1589 496 1658 liber
517 1615 556 1659 ex
579 1578 712 1685 recepta
733 1592 876 1659 vitarum
898 1591 1104 1660 ordinatione
1122 1593 1193 1660 sino

134 1698 229 1767 dubio
238 1697 386 1786 laborat,
397 1712 435 1765 ut
447 1698 570 1766 mirum
581 1700 638 1784 sit,
650 1698 818 1765 neminem
832 1698 997 1766 editorum
1006 1698 1072 1765 hoc
1083 1697 1192 1766 adhuc

133 1806 204 1874 satis
222 1803 504 1873 animadvertisse.
521 1802 830 1889 Consideremus,si
845 1802 1069 1897 placet,illam
1084 1805 1193 1898 operis

132 1908 342 2004 particulam,
354 1934 427 2003 quae
439 1909 573 1978 inscribi
585 1907 669 1978 solet
679 1909 723 1978 de
737 1909 893 2004 Regibus.
902 1911 1015 1998 Quem
1029 1910 1195 1994 ordinem,

131 2041 257 2110 quaeso,
271 2020 307 2085 iu
322 2015 529 2085 recensendis
544 2015 676 2110 regibus
690 2030 807 2084 auctor
823 2017 878 2086 hic
896 2016 1056 2085 instituit?
1074 2019 1195 2086 Nonne

132 2123 280 2192 videmus
300 2113 393 2191 illum
410 2136 538 2190 certum
556 2121 734 2216 quemdam
751 2127 902 2216 gentium
917 2122 1066 2191 ordinem
1086 2123 1197 2215 sequi,

131 2245 228 2323 atque
260 2232 307 2297 ita
337 2227 540 2321 singularum
571 2230 730 2322 gentium!
745 2230 881 2298 eximios
917 2250 1011 2323 reges
1036 2242 1199 2322 perpetua

131 2337 212 2421 serie
237 2336 411 2428 prosequi,
434 2333 525 2402 nulla
548 2359 589 2403 ex
613 2333 683 2403 aliis
704 2337 923 2428 permixtione
953 2334 1120 2404 admissa?
1145 2335 1199 2403 Sic

130 2444 230 2535 igitur
251 2443 400 2536 gentium
421 2442 528 2534 prima
548 2439 595 2508 illi
616 2454 820 2508 memoratur
840 2424 1056 2526 Persarum}
1076 2466 1115 2510 ex
1137 2441 1200 2508 hac

131 2572 224 2640 reges
260 2571 330 2614 una
361 2548 442 2614 serie
477 2546 657 2642 producit,
683 2550 828 2640 Cyrum,
859 2549 1000 2615 Durium
1028 2548 1200 2641 Hystaspis

131 2651 264 2740 lilium,
301 2655 472 2738 Xerxem,
498 2653 714 2720 Artaxerxem
750 2654 803 2720 cui
839 2668 910 2722 erat
941 2667 1200 2747 cognomentum

129 2759 340 2845 Macrochir,
367 2773 400 2826 et
427 2759 644 2826 Artaxerxem
670 2761 869 2853 cognomine
896 2761 1089 2827 Mnemona.
1116 2761 1200 2827 Tum

127 2866 279 2958 sequitur
290 2889 382 2958 ⁴gens
401 2863 654 2950 Macedonum,
676 2889 717 2933 ex
731 2887 835 2959 eaque
848 2866 1007 2932 continuo
1029 2863 1200 2958 Philippus

130 2997 207 3058 rex,
226 2973 378 3064 Amutae
393 2968 495 3057 filius,
513 2985 547 3039 et
566 2969 750 3039 Alexander
766 2972 920 3064 Magnus.
937 2970 1069 3038 Deinde
1087 2986 1199 3039 succe·

128 3077 179 3146 dit
198 3102 280 3171 gens
294 3079 536 3170 Epirotarum,
555 3091 589 3144 et
610 3101 651 3144 ex
670 3102 710 3145 ea
729 3101 786 3144 rex
803 3075 959 3170 Pyrrhus.
982 3078 1100 3146 Postea
1119 3102 1199 3173 gens

130 3185 269 3270 Sicula,
288 3207 329 3250 ex
347 3207 413 3276 qua
428 3182 524 3251 nobis
542 3183 697 3277 producit
716 3184 912 3276 Dionysium
935 3185 1089 3276 priorem.
1113 3187 1200 3252 Tum

129 3290 272 3383 denique
304 3289 437 3382 attingit
465 3291 640 3382 separatim
666 3314 771 3359 novos
797 3290 875 3358 illos
903 3315 1001 3383 reges
1028 3290 1132 3360 factos
1158 3316 1197 3358 ex
1312 3304 1319 3320 '

128 3398 243 3465 amicis
258 3410 294 3464 et
310 3394 473 3488 praefectis
491 3394 668 3462 Alexandri
686 3397 817 3489 Magni,
831 3398 1055 3490 Antigonum,
1074 3400 1196 3466 Deme-

127 3504 247 3590 trium,
273 3501 526 3596 Lysimachum,
556 3501 747 3590 Seleucum,
775 3501 1000 3571 Ptolemaeum.
1030 3505 1074 3571 At
1106 3528 1196 3571 nune

128 3606 300 3704 paululum
333 3606 447 3676 oculos
475 3623 710 3678 convertamus
739 3609 782 3676 ad
807 3610 925 3678 seriem
957 3612 1193 3704 imperatorum

129 3718 352 3801 Graecorum,
377 3739 460 3808 quos
489 3715 660 3808 hucusque
685 3740 719 3783 se
751 3717 797 3782 ait
821 3731 1039 3809 pertractasse
1067 3729 1191 3782 auctor.

128 3822 200 3910 Ihi,
216 3844 320 3915 quum
342 3845 478 3914 prorsus
500 3821 580 3889 nihil
602 3821 806 3890 difficultatis
826 3825 1024 3916 reperiatur,
1046 3845 1112 3914 quo
1130 3823 1192 3888 rni-

129 3951 193 3996 nus
215 3927 312 3997 simili
332 3928 459 3996 ratione
481 3943 597 3997 auctor
619 3927 822 4022 singularum
843 3931 978 3998 Graeciae
1000 3929 1191 4015 civitatum,

128 4033 214 4102 inter
233 4060 267 4103 se
286 4049 534 4130 separatarum,
554 4035 655 4105 duces
675 4034 870 4128 excellentes
888 4049 1050 4129 perpetuo
1074 4034 1191 4104 ordine
