2648 4824
169 696 613 849 neironis
656 694 1147 870 unanimo

135 1264 284 1418 Quum
301 1294 372 1403 jam
396 1309 586 1403 saepissime,
613 1308 701 1402 apud
728 1333 842 1376 omnes
870 1299 1029 1378 litteratas
1056 1324 1188 1405 gentes,

14 1476 24 1484 ·
126 1450 206 1538 viri,
227 1451 318 1516 omni
342 1446 567 1517 doctrinarum
590 1435 788 1542 supellectile
815 1426 1073 1538 instructissimi,
1100 1443 1188 1521 Cor-

126 1587 205 1658 nelii
229 1572 365 1683 Nepotis
391 1587 528 1656 aureum
552 1584 697 1655 libellum
723 1582 757 1655 in
780 1585 888 1657 lucem
909 1591 1096 1677 emiserint,
1123 1591 1186 1661 hac

127 1743 241 1798 nostra
270 1729 440 1822 scriptoris
473 1701 708 1820 elegantissimi
733 1752 820 1798 nova
849 1711 991 1798 editione
1020 1745 1187 1799 tantorum

125 1864 275 1937 virorum
297 1866 444 1937 laborem
464 1864 624 1955 emulari,
647 1864 751 1936 multo
771 1870 880 1937 minus
898 1862 1045 1958 eleuare,
1064 1895 1186 1964 nequa·

127 2033 229 2104 quam
248 2009 350 2078 menti
370 2008 522 2077 occurrit.
536 2008 611 2075 Imo
626 2032 703 2125 nos,
720 2032 793 2100 quae
815 2006 1008 2077 facultatum
1031 2023 1064 2078 et
1080 2009 1188 2078 erudi

126 2151 226 2219 tionis
237 2162 356 2220 nostrae
364 2148 536 2217 infirmitas
548 2136 768 2248 est,rrunu11c
764 2130 942 2240 deberet}
917 2131 1038 2274 bobum
1052 2150 1187 2238 menda,

127 2291 255 2385 siquid
271 2305 329 2359 aut
350 2286 549 2384 negligentes
568 2304 625 2359 aut
640 2259 726 2359 fossi
737 2315 803 2405 pce
785 2282 968 2418 cavprint,
984 2260 1187 2387 investigare

128 2444 162 2498 et
183 2429 350 2523 persequi,
375 2442 549 2522 postquam
571 2389 710 2497 laboris
711 2412 836 2497 edium
828 2450 963 2538 (prasi
970 2441 1106 2500 succum
1127 2428 1188 2498 eli-

128 2575 221 2655 cere,
243 2568 337 2636 nobis
359 2565 438 2635 utile
457 2566 639 2634 admodum
645 2523 763 2652 fidel:
731 2533 927 2663 tuosqulie
931 2564 1053 2645 ,disum
1076 2570 1186 2638 fuerit

129 2708 323 2797 Quoniam
314 2707 413 2801 igitur
434 2706 475 2774 de
494 2704 677 2776 clarissimis
696 2706 758 2776 illis
785 2706 981 2796 editoribus,
1006 2708 1188 2798 Lambino,

130 2851 241 2937 Bosio,
263 2847 485 2942 Heusingero,
503 2831 723 2943 ¹pluribusque
746 2850 945 2942 nuperrimis
972 2848 1074 2918 fusius
1099 2848 1189 2944 loqui

129 2988 238 3083 pudor
260 2972 350 3057 vetat
368 2983 467 3080 atque
487 2987 558 3080 ipsa
572 2989 656 3080 grati
677 2989 776 3055 animi
795 2989 973 3072 memoria,
988 2988 1187 3084 peculiarem

128 3143 249 3198 nostrae
269 3128 367 3222 hujus
389 3126 538 3196 editionis
557 3125 699 3195 indolem
721 3129 924 3222 paucissimis
943 3131 1051 3201 verbis
1070 3157 1188 3228 expro-

130 3256 220 3338 me're
239 3270 315 3338 satis
334 3270 403 3337 erit.

184 3411 366 3503 Principio,
382 3422 421 3478 ut
431 3411 501 3503 ipsa
518 3409 658 3504 Nepotis
673 3410 774 3481 verba
788 3436 888 3505 quam
902 3414 1043 3482 maxime
1061 3416 1189 3510 integra

130 3563 350 3643 accurateque
373 3548 427 3616 hic
455 3547 703 3641 proferrentur,
727 3573 884 3645 magnum
908 3576 1017 3646 opcrae
1045 3554 1188 3645 pretium

130 3690 204 3760 mit.
226 3691 332 3783 Ergo,
354 3689 503 3781 quamvis
521 3689 636 3782 saepius
658 3688 909 3783 Bipontinorum
928 3689 1100 3761 lectionem
1118 3690 1188 3760 fue·

129 3811 233 3898 rimus
248 3828 352 3898 secuti
361 3855 372 3917 3
382 3829 561 3897 innumeris
578 3831 737 3897 tamenin
755 3829 850 3918 locis,
862 3831 918 3924 qui
932 3829 984 3900 vel
996 3829 1190 3900 subobscuri

129 3974 164 4038 'eit
180 3968 326 4064 perplexi
347 3968 558 4058 videbantur,
582 3967 634 4038 vel
651 3971 751 4039 nimia
773 3970 1040 4040 emendationum
1055 3966 1191 4039 audacia
