2648 4824
415 365 481 433 ΕΤ
507 365 751 433 JUDICIA.
885 384 888 388 ·
1025 388 1117 435 xnur

52 497 143 593 quali
160 499 230 567 fere
247 521 399 568 sermone
413 512 471 565 aut
490 501 601 567 Caesar
613 498 646 565 in
661 498 908 566 commentariis
923 497 988 566 suis
1000 499 1120 584 utitur,

51 622 109 675 aut
126 608 175 674 M.
197 604 325 674 Tullius
340 605 373 672 in
391 602 535 699 epistolis
550 604 593 672 ad
613 605 782 690 Atticum,
798 616 834 672 et*
845 605 880 670 in
895 600 1061 672 nonnullis
1076 603 1119 672 ad

55 711 240 782 familiares.
254 715 299 782 At
313 736 445 797 eorum,
458 712 514 804 qui
531 711 795 784 Theodosiorum
807 723 902 780 aetate
916 708 1120 798 floruerunt,

54 844 150 888 nemo
171 821 219 889 sic
240 820 358 888 Latine
373 815 503 886 locutus
518 831 568 886 est
580 844 588 901 ;
600 817 657 886 sed
675 842 790 887 omnes
807 815 937 885 dicendi
949 840 1053 910 genus
1066 815 1119 885 vel

54 924 151 1018 longe
173 927 388 1010 arcessitum,
408 923 461 992 vel
478 924 685 1018 impolitum,
707 922 760 993 vel
779 923 943 991 tumidum
961 936 1060 1015 atque
1075 924 1121 990 in·

53 1031 191 1119 ilatum,
208 1032 278 1118 vel,
294 1047 332 1100 ut
346 1028 728 1125 ‘appellaut,·lloridum,
749 1044 783 1098 et
800 1029 966 1115 fucatum,
985 1027 1038 1096 vel
1058 1029 1123 1097 adi·

58 1152 188 1230 patum,
202 1154 238 1208 et
252 1139 392 1233 pingue,
411 1136 466 1205 vel
487 1139 712 1231 inquinatum,
730 1151 764 1205 et
785 1135 975 1221 sordidum,
998 1133 1050 1203 vel
1069 1160 1123 1230 pe

58 1246 241 1337 regrinum,
251 1260 287 1313 et
295 1241 543 1338 hyposoloecum
553 1257 766 1337 usurparunt.
779 1242 831 1310 Ad
842 1242 913 1311 haec
925 1255 1122 1335 argumenta

58 1351 303 1446 accedatipsius
319 1351 461 1419 auctoris
469 1351 704 1420 testimonium.
715 1352 847 1445 Ipsum,
859 1349 1011 1441 inquam,
1022 1348 1122 1440 hujus

58 1453 128 1524 libri
155 1460 379 1553 scriptorem,
407 1470 522 1525 testem
546 1457 676 1541 citabo,
703 1469 736 1524 et
759 1456 982 1523 testimonium
1005 1467 1123 1522 contra

57 1585 129 1647 eos,
146 1565 205 1656 qui
225 1588 302 1632 eum
324 1562 502 1632 Theodosii
524 1562 682 1657 aequalem
704 1561 805 1630 fuisse
827 1559 1048 1645 contendunt,
1071 1559 1119 1627 di·

57 1683 184 1736 centem
199 1670 392 1764 producam.
405 1670 462 1738 Sic
469 1671 570 1765 igitur
584 1671 618 1736 in
630 1667 779 1737 Miltiade
794 1661 839 1756 (Ι,
856 1658 957 1764 6,1):
977 1693 994 1728 «
1015 1665 1120 1758 Cujus

58 1775 222 1860 victoriae,
233 1774 464 1846 non'alienum
476 1775 621 1861 videtur,
629 1773 726 1869 quale
741 1774 914 1867 praemium
929 1770 1069 1840 Miltiadi
1082 1773 1124 1839 sit
1140 1821 1145 1832 .

59 1880 239 1966 tributum,
264 1882 406 1950 docere:
428 1908 495 1976 quo
521 1881 649 1951 facilius
668 1880 804 1974 intelligi
823 1880 944 1973 possit,
969 1877 1121 1946 eamdem

60 1988 205 2054 omnium
229 1989 401 2056 civitatum
423 2013 493 2057 esse
511 2002 675 2056 naturam.
697 1989 746 2056 Ut
770 1987 858 2054 enim
880 1983 995 2086 populi
1018 1984 1123 2054 nostri

59 2090 200 2161 honores
228 2093 396 2186 quondam
432 2095 567 2163 fuerunt
596 2096 661 2162 rari
696 2107 729 2162 et
753 2108 887 2180 tenues,
911 2094 956 2161 ob
984 2116 1123 2209 eamque

60 2220 190 2267 causam
222 2198 374 2292 gloriosi,
401 2224 491 2269 nunc
511 2215 622 2268 autem
645 2200 743 2270 effusi
767 2215 865 2294 atque
888 2196 1048 2281 obsoleti;
1077 2199 1123 2266 sio

60 2301 134 2370 olim
166 2305 257 2398 apud
283 2306 499 2375 Athenienses
523 2306 622 2376 fuisse
645 2308 837 2402 reperimus
864 2335 881 2370 ιι
913 2309 994 2374 Haec
1021 2304 1125 2372 verba

60 2426 218 2503 arguunt,
236 2411 327 2480 hunc
346 2411 467 2479 librum
488 2415 647 2508 scriptum
666 2438 754 2500 esse,
772 2438 839 2506 quo
859 2426 1009 2506 tempore
1025 2435 1126 2504 penes

61 2515 220 2609 populum
241 2517 349 2611 aliqua
372 2519 470 2586 etiam
489 2533 635 2612 potestas
660 2534 740 2588 erat
768 2520 855 2587 Nam
883 2543 950 2612 quo
974 2533 1127 2611 tempore

62 2621 263 2691 Theodosius
286 2623 489 2716 imperabat,
511 2624 592 2693 nihil
619 2639 750 2719 poterat
772 2623 925 2735 populus.
956 2626 1010 2693 Sic
1033 2623 1128 2690 idem

64 2725 179 2796 ibidem
193 2721 251 2815 (Ι,
265 2729 295 2798 8
305 2722 391 2817 ‚3):
408 2758 425 2794 κ
444 2732 571 2799 Omnes
584 2746 694 2799 autem
717 2746 750 2800 et
770 2708 936 2799 haberitur
958 2744 991 2798 et
1010 2728 1126 2796 dicun·

64 2845 113 2898 tur
130 2835 282 2926 tyranni,
306 2838 363 2928 qui
382 2850 545 2937 potestate
569 2852 647 2906 sunt
669 2851 829 2932 perpetua
853 2839 887 2904 in
909 2859 947 2904 ea
968 2837 1126 2924 civitate,

63 2956 129 3029 quae
147 2939 301 3008 libertate
320 2965 380 3009 usa
401 2956 459 3010 est.
479 2973 497 3007 ιι
514 2944 617 3032 Quis,
636 2942 845 3012 mediocriter
861 2943 895 3009 in
913 2943 1038 3009 Latinis
1058 2941 1125 3008 his-

63 3045 149 3112 toriis
168 3044 316 3138 legendis
338 3061 506 3136 versatus,
528 3074 596 3118 non
615 3052 713 3117 sentit
730 3050 911 3134 continuo,
929 3074 1032 3142 quum
1055 3047 1126 3121 haec

10 3248 12 3253 λ
64 3149 150 3217 audit
169 3165 228 3218 aut
248 3151 345 3245 legit,
363 3165 402 3221 ea
418 3179 486 3222 non
500 3156 577 3224 ‘esse
595 3158 719 3249 scripta
735 3157 777 3223 ab
796 3156 931 3225 homine
949 3156 982 3223 in
1001 3179 1125 3249 regno,

10 3262 12 3347 ζ
63 3253 165 3322 rolin
130 3260 344 3349 inpotentia
362 3260 546 3353 singulari,
564 3277 646 3331 nato
674 3276 773 3357 atque
794 3261 958 3331 educato?
978 3263 1067 3330 Nam
1100 3269 1126 3334 si

62 3359 104 3427 ita
126 3363 338 3456 scripsisset,
351 3366 573 3436 Theodosium
601 3368 716 3436 eadem
742 3393 844 3464 opera
861 3365 1043 3462 mannum
1066 3393 1123 3466 ap

66 3465 300 3562 pellasset,qn1
293 3471 512 3565 singularem
528 3477 726 3595 potentiam,
739 3490 773 3544 et
787 3500 927 3569 regnum
944 3477 977 3543 in
993 3477 1126 3547 civitate

65 3570 145 3640 olim
151 3572 263 3645 libera
287 3566 462 3647 obtinebat
475 3584 655 3673 ,quamvis
683 3581 843 3676 populum
869 3607 937 3649 non
965 3582 1127 3671 liberum,

63 3677 144 3744 sed
132 3698 215 3770 Jam
230 3685 381 3752 servunt-i
404 3687 623 3755 assuefactum
634 3694 861 3782 ,acceperatt
886 3688 976 3783 quod
995 3705 1125 3780 quantae

67 3780 287 3879 imprudentiae
304 3814 343 3858 ac
362 3788 534 3865 dementiae
552 3791 682 3871 fnisset!
699 3797 798 3866 Nunc
817 3809 945 3885 autem,
963 3798 1125 3890 Pompeio

66 3903 94 3956 et
104 3893 264 3964 Caesare·
255 3912 342 3966 inter
354 3924 402 3967 se
399 3904 696 3990 contendentibus,
712 3917 745 3971 et
759 3918 901 3995 utroque
917 3901 1123 3998 probabilem

67 4015 100 4063 tc
114 4003 294 4097 speciosam
309 4004 386 4075 belli
400 4032 532 4081 eausam
547 4011 725 4097 afferente,
739 4012 833 4103 quasi
847 4009 899 4077 vel
915 4010 1120 4100 libertatem,
