2648 4824
416 384 484 450 ET
509 380 745 450 JUDICIA.
1061 408 1122 453 xm

55 519 94 588 ad
112 516 169 587 illa
187 516 308 602 verba,
322 517 374 583 Et
391 521 426 583 iu
445 516 510 583 hoc
527 537 737 608 exponemus
758 512 843 581 libro
861 513 905 582 de
917 517 993 582 vita
1011 518 1122 585 excel-

56 629 193 694 lentium
219 629 483 718 unperatorum,
511 620 631 689 librum
653 644 718 714 ego
743 621 849 713 accipi
871 634 955 715 puto
972 643 1040 688 non
1060 645 1123 714 pro

55 733 212 800 universo
231 753 332 824 opere
343 719 452 822 (quod
471 725 551 795 alias
567 724 705 796 fortasse
720 749 788 794 non
805 727 874 795 sine
888 750 1000 795 errore
1019 719 1121 814 feci),

58 837 112 906 sed
124 862 187 932 pro
199 833 284 904 libro
295 859 379 921 uno;
397 837 594 903 Graecorum
606 846 716 901 autem
732 856 799 901 non
814 832 890 901 addi
903 833 1122 920 mentionem,

58 945 132 1037 quia
150 943 220 1036 jam
239 942 281 1010 de
299 941 424 1010 Graecis
443 939 608 1033 agendum
627 963 719 1024 esse,
737 940 779 1007 sit
800 938 945 1027 dictum,
963 936 1054 1006 nulla
1074 952 1122 1006 ta-

58 1074 133 1117 men
152 1048 299 1116 muneris
324 1047 527 1141 imperatorii
541 1045 629 1115 facta
645 1045 832 1133 mentione,
853 1070 927 1138 quae
944 1043 1046 1112 modo
1064 1068 1121 1138 ap·

58 1169 224 1248 ponatur,
251 1178 293 1220 ne
320 1152 361 1220 de
388 1153 538 1222 omnium
563 1153 751 1246 promiscue
779 1151 956 1245 insignium
985 1153 1123 1219 Graeciae

59 1263 205 1328 virorum
225 1260 295 1327 vita
320 1259 374 1327 hic
397 1257 501 1326 lector
525 1257 690 1352 agendum
719 1282 789 1327 esse
811 1257 970 1327 crederet.
991 1257 1122 1345 Vides,

59 1380 217 1459 quantum
238 1367 280 1433 sit
299 1363 524 1434 collocationis
549 1362 677 1432 voculae
698 1365 795 1432 unius
814 1377 1032 1431 momentum.
1058 1365 1123 1431 Re·

59 1470 157 1540 lativo
178 1495 260 1564 crgo
277 1472 369 1558 voci,
391 1472 540 1558 Atticae,
557 1471 753 1564 praeposit0,
769 1470 879 1538 omnia
898 1483 987 1538 recte
999 1468 1123 1537 habere

58 1577 234 1663 videntur,
261 1590 296 1644 et
321 1575 471 1670 quaedam
498 1574 708 1645 difficultates
732 1575 918 1660 facessunt,
942 1600 1014 1667 quae
1041 1572 1122 1643 olim

59 1709 116 1752 nos
126 1682 451 1770 circumveniebant,
461 1674 542 1750 dum
552 1681 699 1750 Probum
709 1681 887 1750 Theodosii
902 1695 996 1750 aetate
1007 1682 1124 1747 vixisse

60 1789 309 1857 affirmaremus.
327 1790 456 1856 Verum
478 1787 610 1857 candidi
627 1785 758 1857 lectoris
776 1802 847 1858 esto
860 1786 1019 1880 judicium
1031 1811 1041 1871 ;
1055 1810 1122 1852 non

61 1896 144 1963 enim
157 1895 230 1963 haec
242 1893 429 1987 judicandi,
444 1894 500 1963 sed
515 1893 635 1988 judicis
657 1893 856 1963 admonendi
875 1892 1123 1983 instruendique¹

64 1999 196 2070 consilio
219 1998 400 2069 attulimus.

325 2216 561 2283 OBERTUS
590 2217 858 2302 GIFANIUS,

203 2406 242 2452 1n
274 2405 397 2452 mmor
420 2405 662 2468 Lucnnrmno,
682 2405 774 2452 voco
797 2382 978 2473 repiutatzu.

112 2585 220 2678 Nepos
235 2585 269 2651 in
285 2584 353 2652 vita
364 2583 558 2653 Alcibiadis:
574 2589 701 2679 Itaque
714 2600 750 2652 et
763 2586 905 2671 Siciliae,
922 2600 983 2653 etc.
999 2584 1063 2652 Sed
1082 2585 1123 2653 de

68 2685 117 2754 illo
134 2688 293 2783 opusculo
307 2688 388 2759 alias
406 2689 545 2759 fortasse
562 2693 756 2759 accuratius.
775 2692 883 2785 Cupio
901 2693 988 2759 enim
1006 2692 1122 2784 puriss.

69 2791 149 2862 illum
160 2798 355 2890 scriptorem
367 2795 543 2891 aliquando
555 2799 797 2891 castigatiorem
810 2796 924 2882 edere,
939 2820 1037 2889 quem
1053 2809 1123 2863 tum

70 2896 248 2970 docebimus
262 2926 335 2972 esse
353 2900 548 2983 Cornelium
564 2904 749 2997 Nepotem,
769 2927 836 2971 non
857 2927 937 2970 vero
956 2899 1123 2968 AEmilium

70 3004 222 3094 Probum,
239 3023 276 3076 ut
293 3006 394 3101 vulgo
413 3022 541 3103 putant.

324 3222 534 3292 olenus.
564 3177 859 3309 sinemus,

309 3411 462 3456 PRAEFAT.
494 3410 532 3456 IN
565 3410 667 3458 CONN·
695 3413 873 3459 NEPOTEM.

113 3589 208 3657 Nunc
239 3588 281 3656 de
310 3589 470 3682 scriptore
496 3601 610 3656 nostro
639 3608 746 3684 pauca
773 3589 945 3677 dicamus,
973 3596 1123 3684 quernei

69 3694 196 3763 ostendo
217 3695 337 3762 vixisse
356 3695 505 3788 Pompeii
524 3696 657 3789 Magni,
671 3709 705 3763 et
717 3697 876 3783 Caesaris,
889 3710 923 3764 et
935 3699 1124 3784 Ciceronis,

69 3811 96 3864 ct
108 3801 222 3888 Attici,
241 3815 275 3868 et
293 3815 480 3869 ceterorum
499 3800 645 3894 ejusdem
661 3803 765 3870 astatis
779 3802 955 3870 hominum
973 3804 1126 3896 tempori·

66 3901 136 3992 bus,
153 3907 218 3976 hoc
238 3922 310 3994 est,
329 3931 396 4000 quo
417 3921 567 4002 tempore
593 3907 778 4002 respublica
800 3911 952 3977 Romana
972 3906 1125 4003 populari

65 4015 218 4104 potentia,
232 4016 303 4084 sive
325 4012 543 4103 democratia,
564 4028 598 4084 et
616 4016 814 4110 optimatum
832 4015 1037 4108 principatu,
1056 4016 1124 4084 sive
