2648 4824
496 373 562 440 ur
587 372 818 441 tunicii.

579 564 736 650 inan,

293 745 361 791 ma.
390 743 480 789 xxrv
507 743 935 809 aovensaa1oaun,ctr.
970 722 1025 793 18.

177 904 347 976 AEmilium
359 907 505 975 Probum
519 931 590 975 aevo
602 907 833 977 Theodosiano
848 923 1074 1002 correptorem
1089 910 1189 978 Corn.

127 1015 264 1108 Nepotis
292 1013 412 1100 fiiisse,
438 1010 594 1108 peculiari
617 1038 637 1081 a
657 1014 753 1083 nobis
773 1016 968 1084 tractatione
994 1039 1100 1108 nuper
1118 1017 1190 1083 vin-

127 1119 268 1189 dicatum
286 1133 345 1189 est.
361 1123 412 1189 Et
424 1119 479 1187 lib.
493 1143 676 1214 xxV,cap.
698 1117 742 1190 15
758 1145 765 1187 :
780 1122 840 1189 His
852 1121 967 1190 diebus
986 1120 1189 1190 demonstra·
1260 1158 1267 1165 ·

128 1226 248 1313 vimus,
263 1223 431 1293 AEmilium
449 1225 596 1294 Probum
612 1250 684 1294 aevo
698 1227 875 1305 Theodosii
890 1227 1038 1301 Cornelii
1052 1229 1191 1323 Nepotis

129 1329 227 1400 libros
244 1333 280 1398 in
301 1332 480 1426 Epitomen
501 1331 673 1426 redegisse.

575 1537 747 1623 IDEM,

467 1717 536 1763 mu.
564 1717 658 1781 xtn,
680 1716 757 1764 cir.
789 1717 848 1790 29.

176 1870 370 1959 Unica,sed
384 1868 551 1965 eleganter
565 1884 598 1938 et
611 1872 745 1966 proprie
762 1872 899 1965 scripta,
910 1870 979 1939 vita
995 1894 1074 1941 vera
1088 1873 1190 1942 Corn.

130 1979 265 2074 Nepotis
287 1976 329 2045 ad
347 2002 408 2045 nos
427 1978 538 2062 venit,
557 1976 640 2045 adeo
662 1976 795 2071 quidem
817 1991 1011 2070 utrumque,
1033 1992 1072 2046 ut
1092 1980 1193 2048 Attici

130 2085 223 2153 rebus
244 2087 401 2152 interesse
420 2082 514 2151 nobis
533 2082 723 2171 videamur,
742 2085 870 2178 quoties
891 2108 963 2152 eam
982 2082 1140 2178 legimus,
1159 2099 1193 2152 et

131 2215 204 2258 sane
225 2191 296 2283 ejus
316 2190 561 2284 comparatione
576 2189 724 2281 judicare
747 2204 902 2283 poterant
924 2189 1043 2258 eruditi
1064 2192 1126 2258 viri
1151 2190 1192 2258 de

132 2294 234 2364 alteris
253 2294 325 2363 illis.
345 2295 434 2364 Eod.
453 2320 530 2391 cap.
548 2295 611 2364 sub
616 2297 732 2385 finem
750 2322 761 2363 .·
779 2299 858 2366 Non
874 2320 1074 2390 magnopere
1090 2294 1192 2365 titulis

133 2404 274 2494 gavisum
291 2403 400 2494 ipsum
416 2404 579 2490 Atticum,
593 2427 632 2470 ex
647 2402 866 2496 descriptione
881 2405 1031 2496 sequenti
1047 2417 1192 2490 constat,

133 2531 223 2598 quam
238 2533 302 2602 ego
317 2523 386 2576 tam
399 2504 617 2592 luculentam,
633 2523 766 2602 tamque
785 2509 959 2578 candidam
973 2523 1007 2576 et
1020 2508 1192 2578 emendate

135 2615 284 2707 scriptam
315 2628 418 2708 puto,
441 2630 566 2683 utnon
589 2612 695 2683 solum
721 2614 842 2683 AEmilii
863 2614 964 2683 Probi
985 2616 1083 2701 vitae,
1110 2638 1193 2706 quas

136 2717 304 2810 Epitomen
318 2721 456 2815 Nepotis
471 2746 541 2789 esse
556 2719 633 2789 alibi
644 2721 924 2815 probabimus,ad
936 2746 1009 2790 eam
1021 2719 1190 2804 sordeant,

137 2824 202 2912 sed,
214 2851 283 2894 uno
301 2825 373 2895 solo
391 2829 548 2896 Suetonio
564 2842 718 2921 excepto,
733 2827 813 2895 nihil
828 2842 900 2896 toto
915 2828 1011 2895 Latio
1026 2827 1191 2894 inveniam

137 2933 287 3020 exactius,
309 2946 343 3001 et
358 2957 418 3001 suo
437 2932 581 3026 quodam
602 2935 699 3027 genio
717 2931 906 3002 absolutius.

574 3138 741 3220 IDEM,

477 3318 542 3362 trs.
572 3318 639 3382 an,
667 3319 743 3365 can.
778 3301 834 3381 14.

180 3476 365 3563 Datamen,
386 3479 535 3545 omnium
564 3476 782 3546 barbarorum
812 3495 888 3573 post
914 3482 1131 3552 Hannibalem
1159 3499 1193 3552 et

133 3578 351 3650 'Hamilcarem
374 3582 609 3668 fortissimum,
632 3585 693 3653 nisi
713 3584 797 3654 libro
815 3584 972 3680 peculiari
997 3587 1203 3658 celebrasset-

137 3683 274 3756 AEmilius
295 3688 438 3777 Probus,
460 3688 616 3784 pleraque
635 3691 746 3773 omnia
767 3692 836 3785 ejus
856 3693 1003 3763 facinora
1024 3697 1191 3789 ignorare·

136 3810 207 3860 mus.
229 3795 331 3862 Initio
352 3794 421 3888 ejus
439 3797 515 3865 vitae
533 3795 622 3890 apud
641 3796 788 3866 Probum
808 3797 950 3894 legitur:
973 3803 1029 3868 De
1041 3825 1109 3893 quo
1127 3800 1193 3866 hoc

118 3897 229 3984 ‚plttra
241 3953 252 3986 ,
279 3914 341 3968 etc.
369 3903 526 3971 Ceterum
546 3917 580 3971 et
597 3903 632 3970 in
654 3903 718 3972 bac
737 3918 770 3972 et
788 3906 822 3972 in
844 3905 916 3974 aliis
943 3906 1097 3973 omnibus
1118 3905 1193 3974 vitis

138 3997 194 4070 duo
211 4005 333 4077 diversi
353 4009 530 4103 scriptores
549 4010 691 4079 maxime
709 4027 887 4105 apparent,
906 4011 995 4105 quod
1011 4035 1078 4080 non
1098 4025 1191 4104 pote·
