2648 4824
540 355 678 431 vrrl.
824 392 827 397 ·
1076 388 1144 435 xnr
1201 345 1205 351 ⁵

81 490 296 561 Timoleontis
314 492 390 559 vitae
412 489 543 560 subdit:
568 521 585 556 «
610 493 654 560 Hi
673 491 742 559 fere
762 489 857 571 ¹fuere
880 491 1016 561 Graeciae
1033 497 1141 588 gentis

79 596 197 684 duces,
206 599 263 691 qui
276 597 439 665 memoria
451 596 541 691 digni
552 597 766 683 videbantur,
778 611 897 690 praeter
907 598 1029 692 Reges:
1041 623 1140 668 nam-

79 727 145 795 que
163 727 221 772 eos
243 704 404 797 attingere
419 702 602 789 noluimus,
620 702 710 796 quod
728 704 876 771 omnium
892 727 945 772 res
966 718 1064 797 gestae
1084 730 1139 774 se·

78 810 221 901 paratim
253 823 330 877 sunt
364 804 482 878 relatae.
513 810 631 903 Neque
658 822 769 905 tamen
796 807 831 876 hi
855 807 1033 877 admodum
1062 824 1140 879 sunt

76 912 183 982 multi.
203 941 222 978 s
239 915 376 982 Extemi
395 915 627 1007 imperatores,
641 937 725 1006 quos
738 913 918 1001 habemus,
933 914 1057 983 AEmilii·
1070 940 1141 984 esse

76 1018 179 1087 Probi
197 1042 218 1086 a
235 1016 348 1088 multis
367 1017 556 1088 creduntur.
576 1021 644 1107 Qui
661 1043 754 1089 error
772 1019 848 1087 inde
860 1021 1031 1113 provenit,
1049 1021 1139 1114 quod

76 1122 214 1192 librario
228 1124 262 1192 id
277 1123 377 1193 fuerit
386 1149 527 1212 nomen,
537 1126 593 1219 qui
608 1125 692 1193 vitas
707 1148 779 1213 eas,
792 1126 913 1218 partim
932 1149 1008 1209 sua,
1018 1128 1138 1219 partim

74 1231 181 1324 patris
206 1244 241 1299 et
261 1232 376 1299 matris
394 1253 496 1299 rnanu
520 1232 677 1324 scriptas,
699 1229 886 1299 Theodosio
911 1228 1039 1299 obtulit.
1066 1235 1139 1301 Hoc

76 1337 125 1403 ita
151 1360 242 1422 esse,
265 1336 443 1406 ostendunt
467 1333 643 1423 versiculi,
665 1336 721 1428 qui
742 1337 816 1404 vitis
841 1337 909 1405 istis
933 1337 1087 1431 praemitti
1103 1339 1138 1406 in

77 1443 174 1511 MSS.
188 1439 303 1511 solent
318 1444 367 1511 Ae
381 1465 447 1510 nec
457 1440 622 1510 AEmilium
631 1493 641 1528 ,
651 1464 713 1509 nec
723 1440 943 1510 Theodosiani
956 1442 1016 1510 aevi
1030 1467 1139 1535 quern·

77 1570 196 1643 quum,
210 1572 326 1617 eorum
340 1571 410 1616 esse
419 1545 579 1616 librorum
591 1561 778 1632 auctorem,
789 1545 921 1614 abunde
935 1547 1044 1640 arguit
1054 1572 1137 1642 pura

77 1666 114 1721 et
131 1655 282 1722 Romana
297 1653 405 1722 dictio.
420 1654 584 1748 Opinetur
598 1649 729 1746 aliquis,
744 1665 783 1720 ut
796 1655 925 1746 Trogus
934 1650 976 1718 ab
991 1655 1010 1720 J
1012 1655 1137 1741 ustino,

76 1759 128 1827 ita
146 1757 188 1827 ab
209 1758 359 1847 AEmilio,
381 1761 438 1853 qui
459 1759 520 1828 sub
531 1757 719 1827 Theodosio
739 1759 836 1843 vixit,
850 1760 884 1824 in
904 1757 1136 1850 compendium

75 1887 153 1932 esse
165 1863 340 1933 redactum
355 1867 529 1958 Nepotem.
545 1862 610 1932 Sed
630 1863 718 1932 aliud
741 1862 857 1932 suadet
876 1864 984 1957 operis
1002 1865 1136 1931 concin-

75 1970 185 2057 nitas,
210 1985 244 2038 et
267 1968 322 2038 illa
349 1970 507 2064 praefandi
533 1971 635 2056 ratio,
657 1994 731 2062 quae
756 1981 806 2037 est
835 1970 869 2036 in
898 1968 1136 2062 Epaminonda

75 2077 167 2162 vita,
184 2099 223 2143 ae
236 2077 270 2142 in
283 2073 395 2169 Pelopi
456 2076 635 2170 imprimis,
648 2074 705 2141 ubi
717 2075 910 2143 brevitatem
929 2075 1051 2168 justam
1065 2074 1136 2168 pol·

75 2179 204 2249 licetur.
224 2184 379 2249 Attamen
396 2182 556 2250 sententia
577 2181 662 2266 haec,
680 2179 756 2248 licet
777 2203 932 2262 erronea,
950 2181 1057 2248 minus
1077 2205 1136 2274 pe·

76 2285 174 2354 mculi
196 2286 338 2374 habeat,
364 2286 545 2356 dummodo
572 2300 665 2355 extra
691 2287 948 2355 controversiam
977 2301 1137 2376 maneat,

75 2391 245 2460 AEmilium
267 2394 377 2461 omnia
395 2393 437 2462 de
454 2393 634 2488 purissimis
655 2393 795 2486 Nepotis
815 2390 959 2460 lontibus
979 2391 1133 2463 hausisse.

77 2497 166 2565 Sane
187 2497 330 2567 Tulliani
351 2523 420 2567 esse
441 2501 501 2566 aevi
524 2500 737 2592 scriptorem,
763 2522 868 2590 neque
889 2496 1008 2582 alium,
1034 2521 1134 2590 quarn

74 2603 265 2697 Nepotem,
283 2619 354 2672 turn
374 2619 523 2673 veterum
540 2604 665 2698 aliquot
685 2603 843 2672 librorum
855 2602 976 2671 indicio
995 2627 1134 2695 eognos-

76 2709 182 2797 citur3
201 2724 274 2778 tum
297 2714 415 2796 etiam,
429 2710 518 2804 quod
540 2710 583 2779 ad
605 2711 825 2804 Pomponium
850 2710 996 2777 Atticum
1015 2703 1135 2800 (cujus

75 2813 164 2882 idem
185 2830 306 2909 rogatu
324 2816 365 2884 de
385 2818 454 2884 vita
462 2816 601 2884 ¹Catonis
619 2814 739 2883 librum
759 2806 858 2902 fecit)
871 2815 946 2882 vitae
964 2816 1033 2882 istae
1054 2817 1133 2881 scri·

76 2918 200 2990 bantur
217 2936 419 3015 :utcumque
440 2920 474 2990 id
491 2923 526 2988 in
549 2936 667 3015 quarto
686 2918 974 2989 Miscellaneorum
999 2943 1134 2988 suorum

75 3041 175 3118 neget
197 3029 418 3120 Hieronymus
442 3028 593 3121 Magius,
614 3028 670 3120 qui
689 3028 759 3119 ipsa
778 3026 918 3118 Nepotis
943 3023 1135 3118 praefatione

76 3133 155 3200 satis
179 3121 348 3202 refellitur.
369 3131 506 3201 Accedit
524 3146 558 3201 et
579 3131 681 3201 altera
699 3133 793 3200 ratio.
811 3133 899 3200 Nam
920 3129 971 3199 his
991 3132 1026 3198 in
1045 3129 1135 3200 libris

75 3260 117 3304 ea
138 3237 247 3331 legere
265 3253 329 3325 est,
350 3262 422 3332 quae
436 3263 520 3332 opus
533 3239 598 3307 hoe
617 3239 775 3331 scriptum
794 3260 864 3304 esse
882 3234 1046 3322 clamant,
1067 3262 1134 3329 quo

75 3355 228 3436 tempore
248 3346 423 3438 Pompeius
442 3359 478 3412 et
501 3346 612 3412 Caesar
630 3342 704 3438 plus
724 3356 891 3436 poterant,
912 3365 1012 3434 quam
1032 3341 1134 3412 libera

75 3448 112 3513 in
133 3447 302 3542 republica
322 3450 498 3543 expediret.
525 3452 574 3517 Ea
599 3449 779 3536 Lambinus
798 3447 870 3516 loca
893 3449 1076 3540 congessit,
1096 3463 1134 3518 ut

75 3553 160 3623 nihil
174 3556 311 3623 attineat
324 3553 379 3623 illa
396 3555 450 3623 hic
469 3540 650 3649 reponere³.
662 3557 733 3625 Nee
750 3552 841 3624 libris
854 3554 921 3622 istis
935 3553 976 3622 de
989 3555 1078 3623 Viris
1096 3551 1133 3620 il·

121 3756 145 3808 3.
166 3755 201 3807 Et
218 3773 291 3808 nunc
303 3767 392 3807 tamen
407 3767 535 3825 repugnat
548 3753 582 3807 G.
628 3753 724 3806 creduto
747 3765 941 3805 commuaemente
967 3753 994 3804 dr'
1023 3751 1134 3804 Cornelio

77 3833 124 3887 Fr.
137 3834 224 3887 Rinels
238 3847 295 3888 toto
310 3835 397 3887 libro:
411 3834 503 3904 Saggto
515 3835 543 3886 dr'
554 3853 586 3885 un
629 3833 871 3903 Nepotavenetiis,
888 3832 972 3885 1818.
989 3830 1134 3900 Respondit

77 3912 169 3965 Esame
178 3917 261 3966 critico
268 3934 314 3984 per
321 3917 441 3965 restitnire
453 3913 488 3965 ad
496 3913 586 3966 Emilio
629 3931 693 3965 vero
708 3913 724 3965 J
726 3912 782 3964 oele
800 3911 897 3964 Koheu
911 3909 1134 3964 :Considerazionl

77 3991 160 4047 Proto
171 3993 191 4047 tt
202 3992 276 4055 libro,
291 3995 331 4045 De
343 3993 397 4046 vita
409 3993 498 4048 excell.
512 3993 587 4064 imp..
631 3993 669 4046 sul
679 3991 786 4061 Saggio,
805 4003 854 4047 ete.
868 3988 1032 4053 Mediolani,
1048 3991 1132 4058 1819.
