2648 4824
137 356 185 405 Lu
496 335 835 405 TESTIMONIA

136 471 192 564 qui
211 465 308 536 hodie
325 490 393 534 non
411 480 509 534 extat.
532 467 670 561 Scripsit
684 469 798 562 Nepos
813 482 847 536 et
859 470 894 543 T.
910 471 1085 567 Pomponii
1101 478 1203 549 Attici

135 577 264 662 vitam,
286 599 327 641 ex
347 596 439 666 qua,
465 588 588 666 quanta
615 576 738 668 Nepoti
760 599 836 643 curn
862 576 972 646 Attico
1001 579 1204 654 familiaritas

134 682 377 767 intercesserit,
395 679 498 747 cuivis
517 676 698 774 intelligere
716 678 800 749 licet.
820 683 932 752 Fuisse
950 701 1059 754 autem
1078 691 1204 784 Nepo-

132 803 199 856 tem
230 789 328 856 etiam
357 787 404 854 M.
436 783 543 854 Tullio
570 785 749 854 admodum
782 785 999 876 familiarem,
1032 793 1204 866 declarant

98 912 101 919 “
133 892 347 987 epistolarum
372 890 446 959 libri
469 891 511 958 ab
537 891 602 960 hoe
623 892 665 960 ad
685 891 777 960 illum
799 896 1013 988 scriptarum,
1036 915 1073 968 ut
1101 926 1203 996 supra

132 999 283 1067 diximus.
319 1002 492 1067 Postremo
519 999 714 1067 sententiam
737 1024 845 1068 meam
870 1002 1005 1095 adjuvat
1024 1004 1201 1077 doctorum

131 1105 353 1200 quorumdam
376 1105 622 1188 testimouium,
645 1107 701 1199 qui
726 1108 886 1200 scripturn
916 1108 1142 1204 reliquerunt,
1166 1139 1203 1184 se

129 1213 165 1280 in
188 1237 257 1280 uno
279 1210 393 1280 codice
417 1235 581 1280 manuscr.
605 1210 647 1278 ad
669 1211 794 1280 calcem
817 1211 891 1280 libri
914 1215 985 1284 haec
1006 1219 1109 1286 verba
1137 1220 1201 1288 ad-

130 1319 253 1412 scripta
273 1318 455 1411 reperisse:
479 1345 496 1380 a
517 1316 728 1410 Completum
750 1332 800 1387 est
820 1344 904 1412 opus
930 1321 1052 1390 AEmilii
1076 1325 1201 1415 Probi,

131 1421 276 1494 Cornelii
297 1424 445 1518 Nepotis.
468 1451 485 1487 n
511 1423 595 1510 Quis
621 1449 689 1491 non
711 1423 822 1512 videt,
849 1425 921 1495 haee
942 1453 1012 1497 esse
1040 1432 1163 1523 scripta
1182 1456 1203 1501 a

128 1528 264 1598 librario
284 1530 474 1616 haesitante,
487 1542 520 1597 et
536 1529 723 1614 dubitante,
737 1545 770 1598 et
791 1532 918 1603 incerto
941 1534 982 1603 de
1000 1536 1100 1627 hujus
1123 1535 1201 1606 libri

129 1651 285 1723 auctore,
303 1660 406 1730 quum
421 1660 498 1704 eum
519 1635 598 1704 hinc
618 1637 765 1707 Cornelii
784 1639 949 1732 Νεροιιζς,
967 1642 1045 1711 hinc
1064 1645 1206 1713 AEmr'lii

10 1737 11 1741 Ἰ
129 1742 238 1815 Probi
255 1744 393 1812 nomina
409 1755 444 1809 et
465 1743 664 1836 cognomina
685 1743 941 1838 perturbarent?

422 1930 898 2037 ensr.scnorr1us‚

391 2125 457 2174 uir.
486 2128 512 2173 11
540 2128 736 2178 varisium.
764 2114 841 2177 cir.
877 2132 932 2178 ro.

180 2285 280 2350 Corn.
299 2281 430 2375 Nepos,
453 2282 508 2374 qui
524 2268 611 2350 male
629 2280 731 2376 vulgo
750 2281 902 2353 AEmilius
917 2284 1046 2355 Probus
1060 2286 1193 2360 dicitur.

574 2486 747 2571 rnen,

164 2666 458 2719 cousunrnrrour
486 2666 514 2712 11
542 2666 587 2711 nn
616 2666 828 2714 rnunrurun
856 2668 899 2714 rr
926 2669 1163 2728 nroounnrnn

499 2772 675 2819 ranarum
702 2738 822 2820 uonisss

144 2944 147 2952 '
179 2928 387 3000 Novissimos
406 2949 513 2994 aureae
535 2925 637 2994 aetatis
661 2925 747 2994 facio
771 2925 988 3014 Ciceronem,
1007 2929 1197 3020 Caesarem,

128 3038 230 3108 Corn.
250 3035 437 3128 Nepotem,
450 3045 511 3100 eto.
528 3033 569 3098 In
588 3033 727 3126 Nepotis
742 3045 854 3099 tamen
867 3033 951 3101 vitas
967 3032 1104 3102 dubium
1123 3060 1196 3106 non

126 3157 176 3211 est
189 3138 346 3208 nonnulla
361 3138 597 3233 posterioribus
613 3137 737 3206 saeculis
748 3138 915 3233 irrepsisse
929 3138 971 3206 ab
985 3140 1046 3207 aevi
1056 3141 1196 3234 Augus-

127 3251 171 3318 tei
194 3272 274 3328 auro
296 3246 493 3328 remotiora,
514 3241 655 3330 AEmilii,
678 3242 796 3332 credo,
824 3245 925 3312 Probi
947 3268 1070 3338 opera,
1097 3248 1196 3340 cujus

127 3378 250 3425 nomen
263 3351 374 3423 multis
387 3350 511 3421 saeculis
524 3347 651 3418 libellus
664 3351 804 3443 Nepotis
819 3353 1048 3446 praescriptum
1064 3352 1194 3423 habuit.

492 3542 820 3629 ro.savan0,

140 3696 197 3780 'ru
218 3731 326 3779 rans.
350 3728 399 3774 an
421 3725 499 3774 rior.
524 3724 608 3772 suas
630 3725 669 3771 rrr
691 3703 809 3771 AErrm.
836 3705 989 3775 Prosunt
1012 3728 1057 3774 nr.
1080 3728 1169 3777 vrrs

521 3830 664 3877 axonae.
695 3831 794 3877 mter.

159 3992 276 4058 ·Hunc
287 3986 410 4057 librum
423 3985 521 4055 Corn.
536 3984 669 4079 Nepoti
679 3983 796 4053 asserit
806 3984 876 4079 ipsa
888 3984 1039 4079 praelatio
1054 4010 1063 4056 :
1080 4015 1098 4053 a
1112 3988 1201 4059 Non.
