2648 4824
198 378 248 421 xx
433 351 661 420 NOTITIA
687 352 1015 422 LITTERARIA

198 499 232 553 et
250 481 449 578 expolitum,
471 481 608 568 obtulit,
626 496 664 551 ut
686 481 838 576 colligere
860 484 937 553 licet
957 510 998 553 ex
1013 486 1090 580 ipsis
1107 484 1168 555 illis
1183 511 1261 557 ver-

197 589 285 658 sibus
306 591 443 682 antiquo
463 587 579 657 Codiei
601 589 761 682 proefixis,
783 591 903 683 quibus
924 591 1069 660 Probum
1088 608 1262 664 auctorem

196 694 316 764 harum
337 696 480 763 vitarum
499 693 608 762 facere
629 697 691 762 viri
708 695 797 763 docti
814 693 1014 767 voluerunt:

261 883 350 950 Vade
366 883 466 965 liber3
484 883 601 960 nostri,
617 885 684 947 fato
705 885 855 968 meliore,
875 904 1062 970 memento;

258 988 261 991 ’
304 992 418 1072 Quum
433 991 517 1078 leget
534 989 603 1053 haec
620 989 790 1073 dominus,
808 1008 839 1055 te
855 993 934 1057 sciat
950 1016 1019 1058 esse
1035 1017 1161 1059 meum.

256 1097 307 1161 Ne
325 1098 437 1159 timeas
453 1097 544 1159 fulvo
560 1097 687 1159 strictos
706 1096 885 1161 diademate
904 1099 1040 1178 crineis,

301 1200 466 1264 Ridenteis
485 1199 641 1263 blandum
660 1201 710 1263 vel
727 1202 845 1288 pietate
864 1204 987 1270 oculos.

259 1305 452 1371 Communis
469 1305 612 1381 cunctis,
632 1306 806 1369 hominum
827 1307 884 1371 sed
903 1330 1002 1398 regna
1018 1325 1128 1374 tenere

303 1413 343 1475 Se
362 1410 529 1492 meminit;
547 1411 647 1474 vineit
664 1410 742 1474 hinc
761 1412 863 1501 magis
879 1413 932 1476 ille
948 1415 1107 1479 homines.

260 1519 427 1582 Ornentur
443 1516 585 1591 steriles,
605 1516 704 1580 l'acilis
722 1531 866 1594 tectura,
885 1518 1004 1583 libelli:

301 1621 489 1686 Theodosio
505 1638 538 1684 et
554 1620 658 1684 doctis
677 1623 820 1686 carmina
839 1622 926 1686 nuda
942 1625 1080 1711 placent.

198 1797 201 1802 ,
259 1730 293 1794 Si
307 1744 401 1818 rogat
420 1742 603 1802 auctorem,
621 1727 788 1814 paullatim
806 1726 921 1816 detege
939 1745 1089 1793 nostrum

235 1908 238 1913 ι
303 1834 399 1896 Tunc
418 1831 562 1893 Domino
579 1854 718 1913 nomen,
735 1853 786 1895 me
804 1831 882 1896 sciat
898 1855 967 1897 esse
983 1833 1139 1898 Probum.
1228 1896 1232 1903 .

209 2002 211 2006 Α
255 1942 404 2025 Corpore
420 1937 455 1998 in
474 1936 537 1999 hoc
555 1959 670 1999 manus
686 1953 735 1999 est
750 1936 930 2025 genitricis,
948 1938 1079 2025 avique,
1097 1939 1227 2027 meique
1252 1966 1261 2004 :

302 2043 439 2118 Felices,
455 2042 636 2104 Dominum
659 2063 731 2128 quae
754 2064 919 2124 meruere,
937 2047 1067 2108 manus!

118 2289 123 2294 ·
195 2254 355 2324 Diversus
371 2248 413 2317 ab
432 2247 561 2329 AEmilio
580 2249 690 2316 Probo
709 2262 743 2315 et
757 2247 870 2340 junior
888 2262 939 2317 est
956 2247 1101 2335 Probus,
1114 2252 1168 2318 vir
1186 2249 1263 2319 doc-

195 2374 248 2429 tus
267 2372 301 2426 et
319 2356 473 2437 illustris,
491 2354 532 2422 de
552 2379 618 2447 quo
640 2352 833 2422 Sirmondus
856 2354 897 2421 ad
921 2355 1067 2423 Ennodii
1092 2352 1146 2423 lib.
1172 2359 1263 2438 VII,

196 2465 299 2559 Epist.
325 2487 383 2557 27.

637 2568 826 2632 Versiones.

251 2773 448 2842 Versionem
466 2770 619 2845 Vitarum
631 2768 769 2862 Nepotis
789 2770 940 2837 Graecam
955 2766 1070 2838 habuit
1083 2772 1132 2837 Jo.
1147 2770 1264 2841 Chris·

199 2880 361 2975 tophorus
376 2874 538 2961 Wolfius,
551 2875 678 2942 incerto
692 2888 836 2942 auctore.
852 2875 987 2942 Initium
1008 2863 1079 2944 θεῖε
1095 2881 1111 2942 ὁ
1127 2876 1264 2944 Μιλτιά-

201 2979 258 3064 δης
270 2995 326 3052 τοῦ
335 2982 493 3074 Κίμωνος,
507 2983 540 3047 ἐκ
552 2989 608 3057 τῆς
619 2989 680 3047 τῶν
694 2980 819 3054 Αθηνῶν
838 2981 953 3056 nolum
966 3032 975 3067 ,
986 2989 1026 3074 τῇ
1043 2983 1162 3070 παλαιᾷ
1179 2985 1265 3076 γενέ·

202 3120 247 3160 σει
268 3091 320 3156 καὶ
338 3098 377 3180 τῇ
393 3079 470 3176 δόξᾳ
489 3093 550 3152 τῶν
565 3088 844 3179 προγεγενημένων,
864 3100 925 3155 etc.

254 3194 432 3263 Versiones
454 3189 664 3276 vernaculas,
690 3215 870 3284 puerorum
891 3214 989 3259 causa
1014 3191 1151 3284 scriptas
1173 3194 1265 3261 Ger-

202 3301 349 3388 manice,
370 3323 438 3365 non
456 3297 574 3364 attinet
591 3320 868 3384 commemorare,
885 3321 946 3365 nec
965 3294 1090 3364 libellos
1111 3297 1268 3390 phraseo

202 3408 342 3502 logicos,
363 3419 420 3473 aut
432 3403 652 3471 imitationum
668 3400 843 3494 puerilium
858 3401 985 3471 libros¹.
1002 3399 1131 3496 Belgice
1148 3427 1267 3473 versus

202 3528 254 3586 est
268 3537 288 3580 a
303 3515 352 3580 Jo.
367 3507 533 3594 Hilaride,
545 3504 703 3574 Roterod.
722 3504 836 3592 1688,
855 3530 912 3593 123
926 3504 1052 3576 Gallice
1064 3510 1267 3579 aBernardo

202 3617 363 3704 Girardo,
384 3616 484 3684 Paris.
514 3610 630 3699 1568,
650 3616 693 3698 [ις
713 3610 755 3680 ab
773 3612 849 3680 Ant
871 3614 1005 3700 Pineto,
1020 3637 1120 3705 quem
1139 3639 1226 3708 saepe
1247 3639 1267 3684 a

248 3861 273 3894 1.
293 3840 354 3892 Non
369 3847 408 3888 est
425 3829 608 3905 pretereunda
623 3843 711 3883 tamen
756 3848 818 3883 cum
834 3829 951 3901 ejusdem
966 3831 1194 3899 annotationibus,
1207 3853 1268 3905 quar

205 3921 290 3977 versio
308 3915 465 3978 novissima,
481 3911 574 3965 ceteris
587 3919 712 3982 praestan·
755 3907 858 3980 prodiit
878 3911 1046 3963 Francofurti
1065 3908 1099 3963 ad
1124 3912 1266 3975 Manum,

205 4001 274 4064 tior,
294 4008 400 4050 auctore
422 3993 483 4045 clar.
508 3991 710 4060 Bergomum,
757 3989 1152 4058 ann01783,ootavalorma.
1209 4046 1211 4050 ,
