2648 4824
213 425 259 472 ns
563 399 911 472 TESTIMONIA

212 534 397 628 producere
419 533 584 627 potuerit3
604 534 671 601 imo
690 535 840 626 aquovis
868 546 1108 626 cognoscatur,
1126 533 1189 601 hac
1210 560 1277 604 me·

211 639 316 708 thodo
334 639 482 706 instituta
494 639 603 708 minus
612 663 788 733 operosum
804 639 1050 732 conquisitionis
1066 653 1163 732 atque
1173 665 1275 733 expo·

213 747 338 815 sitionis
356 743 503 813 laborem
517 746 551 812 in
572 746 637 814 hoc
658 770 758 839 opere
777 744 927 814 debuisse
948 745 1041 813 reddi
1056 748 1202 830 auctori3
1222 747 1277 816 de·

212 852 465 945 prehendimus,
484 865 559 946 post
578 866 644 920 tres
658 853 909 920 Atheniensium
927 851 1027 922 duces
1043 854 1277 945 interpositum

212 958 501 1026 Lacedaemonium
519 983 641 1046 unum,
661 957 779 1026 deinde
799 959 891 1051 sequi
912 957 1020 1027 denuo
1038 958 1276 1027 Atheniensem

211 1088 335 1151 unum,
346 1065 507 1132 etiterum
519 1064 822 1150 Lacedaemonium3
833 1079 904 1132 tum
917 1079 984 1133 tres
998 1065 1155 1133 continuo
1169 1065 1276 1134 Athe-

211 1170 360 1257 nienses,
380 1195 463 1263 quos
482 1194 502 1237 a
522 1185 599 1263 post
619 1170 865 1264 insequentibus
882 1171 987 1239 tribus
1001 1170 1169 1264 abrumpit
1182 1172 1276 1239 Sicu·

118 1266 121 1271 ’
211 1271 261 1342 lus
279 1299 337 1343 seu
353 1279 577 1369 Syracusanus
597 1278 687 1346 Dion
701 1304 710 1360 3
723 1291 926 1370 postremum
944 1276 1084 1369 denique
1100 1275 1277 1344 Athenien·

211 1404 280 1448 sem
300 1383 502 1451 Phocionem
524 1382 676 1451 avulsum
698 1407 718 1450 a
734 1383 994 1476 praecedentibus
1013 1383 1194 1469 cernimus,
1206 1408 1276 1451 non

210 1487 310 1557 modo
326 1488 492 1557 Thebanis
510 1484 640 1557 duobus
656 1514 733 1558 cum
748 1503 919 1583 postremo
934 1488 1202 1576 Lacedaemonio,
1216 1488 1277 1557 sed

211 1593 376 1674 Cardiano
388 1597 486 1662 etiam
501 1597 664 1680 Eumene,
677 1609 710 1662 et
720 1595 863 1664 barbaro
877 1619 1024 1688 quoque,
1037 1596 1063 1662 si
1074 1594 1136 1662 diis
1148 1593 1276 1687 placet,

210 1700 367 1787 Datame,
381 1714 540 1793 tanquam
559 1699 762 1788 retinaculis,
775 1701 962 1793 interjectis.
984 1699 1132 1768 Tandem
1149 1699 1276 1769 claudit

210 1826 329 1897 agmen
357 1807 551 1874 Corinthius
584 1805 764 1875 Timoleon.
796 1809 840 1875 Et
870 1808 967 1874 istam
1000 1806 1275 1874 disturbationem

209 1925 308 2004 atque
333 1913 643 1981 interturbationem
672 1914 807 1982 Graeciae
834 1913 1004 1981 civitatum
1030 1911 1112 1979 mihi
1142 1925 1277 1980 excuset

210 2015 434 2112 chronologiae
452 2018 562 2087 ratio?
580 2016 684 2089 Nullo
698 2008 809 2087 mbdo.
832 2017 940 2106 Quid,
962 2017 1052 2112 quod
1073 2041 1114 2084 ne
1137 2017 1277 2105 chrono

209 2119 296 2217 logia
315 2124 466 2216 quidem,
487 2149 586 2218 quam
601 2125 743 2193 editores
763 2137 968 2218 praetexunt,
987 2124 1042 2191 hic
1060 2137 1173 2191 exacte
1196 2125 1276 2192 satis

210 2228 362 2296 constat?
381 2229 536 2323 Alioquin
558 2232 646 2299 enim
668 2229 840 2325 Pelopidas
862 2228 1063 2324 praecedere,
1083 2230 1173 2321 sequi
1191 2232 1277 2321 Epa·

210 2334 383 2403 minondas
396 2326 580 2423 debuisset,
593 2337 682 2429 quod
696 2352 807 2405 tamen
824 2335 1002 2403 clarissima
1017 2337 1160 2402 auctoris
1174 2335 1276 2402 verba

210 2464 277 2508 non
289 2441 482 2528 admittunt,
491 2444 547 2535 qui
558 2443 592 2509 in
603 2441 759 2536 Pelopida
770 2442 812 2510 ad
821 2440 1085 2535 Epaminondam
1096 2442 1276 2534 respiciens

208 2547 253 2614 ait
268 2573 275 2614 :
290 2553 377 2615 sicus
396 2572 503 2643 supra
519 2549 703 2617 docuimus.

261 2653 325 2722 Vel
345 2654 413 2741 his,
428 2679 501 2748 quae
519 2657 678 2724 hactenus
696 2651 826 2748 prolata
836 2667 928 2739 sunt,
945 2652 1044 2720 credo
1054 2652 1276 2745 suspicionem

205 2761 329 2851 justam
338 2762 417 2827 oriri
427 2761 498 2852 jam
508 2761 628 2829 debere
638 2763 671 2828 in
683 2760 853 2844 omnibus,
866 2759 1016 2827 ordinem
1026 2756 1116 2825 illum
1130 2759 1276 2827 vitarum

208 2891 276 2934 non
293 2891 362 2935 esse
379 2867 598 2959 profectuma
619 2869 767 2961 Nepote,
787 2865 844 2934 sed
865 2865 934 2958 ejus
955 2863 1154 2933 ordinationi
1167 2862 1279 2934 aliena

208 2995 310 3038 manu
328 2974 396 3039 vim
415 2997 485 3041 esse
506 2973 706 3062 adhibitam,
728 2972 1016 3064 turbationemque
1038 2971 1140 3038 totius
1163 2973 1277 3063 operis

209 3075 341 3146 factam.
355 3082 393 3150 Id
408 3104 523 3147 revera
542 3083 588 3147 ita
604 3105 691 3168 esse,
713 3081 790 3148 hinc
807 3101 994 3146 asseverare
1011 3077 1080 3169 jam
1095 3076 1177 3145 nihil
1196 3102 1278 3169 pro-

209 3181 296 3252 fecto
306 3184 430 3256 dubito.
444 3188 479 3254 Si
489 3210 633 3278 quaeras,
649 3185 782 3279 quando
794 3199 885 3251 tanta
900 3183 1039 3250 mutatio
1050 3183 1143 3275 operi
1158 3198 1277 3254 nostro

208 3289 385 3360 acciderit?
401 3292 524 3378 dicam,
543 3290 748 3359 hauddubie
767 3290 800 3357 id
821 3290 967 3357 evenisse
979 3313 1050 3357 aevo
1065 3286 1121 3355 illo
1132 3287 1276 3378 infelici,

207 3395 353 3466 ethonis
381 3398 462 3466 adeo
484 3398 675 3466 auctoribus
699 3399 924 3489 improspero,
940 3395 1030 3487 quod
1051 3397 1278 3464 communiter

208 3502 352 3571 aredium
379 3503 544 3599 appellare
571 3504 718 3571 historici
740 3501 846 3570 solent
871 3527 877 3568 :
900 3526 985 3593 quo,
1011 3503 1066 3593 qui
1088 3500 1203 3568 litteris
1228 3503 1277 3570 ita

208 3610 418 3679 mediocriter
436 3612 531 3679 tincti
543 3623 667 3691 essent,
683 3610 770 3702 iique
785 3631 862 3675 sane
878 3631 977 3700 quam
997 3607 1110 3700 pauci,
1128 3605 1173 3673 nil
1192 3631 1276 3700 prae·

208 3729 258 3782 ter
274 3715 440 3785 Chronica
463 3729 624 3810 saperent.
645 3717 679 3783 Si
694 3739 806 3809 rogeS,
828 3713 995 3807 quomodo
1014 3710 1191 3780 acciderit?
1211 3739 1277 3782 res·

207 3822 389 3914 pondeam,
406 3824 527 3916 partim
539 3820 777 3914 chronologiae,
793 3822 846 3889 cui
860 3819 921 3888 illis
933 3818 1137 3913 temporibus
1150 3818 1276 3888 addicti

207 3951 324 3997 omnes
343 3943 466 4014 essent,
488 3927 545 4022 qui
561 3927 708 4022 legerent
725 3925 843 4014 libros,
858 3929 979 4020 quique
995 3926 1192 4012 scriberent,
1212 3928 1273 3994 im·

207 4033 380 4136 moderato
402 4061 532 4124 amore,
557 4059 623 4129 quo
643 4060 692 4125 se,
714 4036 858 4128 quisquis
879 4032 932 4102 illc
954 4047 1041 4122 crat,
1061 4034 1114 4100 cui
1134 4032 1278 4125 Nepotis
