2648 4824
493 319 558 385 ET
583 316 813 385 JUDICIA.
1103 363 1105 372 ι
1156 345 1192 392 u

126 478 319 557 persuasum
341 452 398 538 sit,
410 449 471 518 has
491 448 593 534 vitas,
610 459 787 540 antequam
805 445 1020 540 imperatores
1041 456 1194 546 perpetui

126 567 334 639 dominatum
358 560 474 627 Romae
496 554 713 640 obtinerent,
727 576 798 621 csse
821 555 979 647 scriptae,
1006 569 1040 631 ct
1060 559 1195 636 Probas

126 672 254 742 nonsit
274 667 408 743 illorum
430 663 616 757 priscorum
636 673 823 754 temporum
843 685 1048 754 cognomen,
1067 665 1124 733 sed
1143 691 1194 735 re·

128 779 329 862 centiorum,
344 786 379 841 et
396 770 495 864 longe
514 767 733 862 posteriorum
749 792 759 854 ;
773 767 854 834 mihi
872 767 1003 837 videtur
1021 771 1195 843 Cornelius

127 888 240 980 Nepos
263 882 393 976 potius,
413 900 514 972 quam
540 871 690 947 &nitius
712 873 861 961 Probus,
883 897 981 949 verus
1003 876 1102 970 hujus
1122 877 1197 953 libri

127 1012 247 1087 parens
271 1002 306 1057 et
330 999 447 1059 auctor
472 1005 542 1051 esse
570 979 798 1074 agnoscendus
818 1005 825 1047 :
845 981 891 1047 ita
915 995 1025 1051 tamen
1044 998 1081 1051 ut
1100 1011 1197 1060 suum
1275 1061 1279 1069 ,

128 1099 245 1192 mique
263 1092 426 1188 judicium
447 1088 588 1163 liberum
609 1085 818 1180 relinquam,
835 1111 943 1181 neque
960 1090 1026 1158 hoc
1042 1090 1123 1160 mihi
1140 1118 1198 1163 su·

129 1228 236 1289 mam,
256 1216 314 1289 ut,
340 1199 398 1292 qui
418 1195 512 1269 aliter
539 1195 697 1280 sentiant,
719 1206 875 1287 tanquam
900 1194 1120 1290 desipientes,
1141 1213 1199 1268 aut

129 1323 294 1394 errantes,
314 1330 335 1374 a
358 1329 412 1373 rue
436 1301 708 1375 condemnentur.
730 1301 867 1394 Scripsit
891 1316 1003 1370 autem
1025 1304 1199 1379 Cornelius

129 1419 241 1510 Nepos
259 1413 449 1496 Chronica,
464 1422 502 1476 ut
520 1420 659 1484 testatur
677 1408 842 1475 Ausonius
860 1408 996 1500 epistola
1014 1408 1084 1499 illa,
1098 1437 1198 1504 quam

131 1547 229 1616 supra
252 1517 531 1602 commemoravi,
548 1513 707 1606 cujusque
732 1513 861 1581 initium
883 1515 1046 1597 indicavi:
1066 1519 1198 1595 Oblata

127 1653 189 1723 per
201 1629 421 1720 antiquarios
438 1645 556 1706 mora,
574 1634 638 1688 etc.
656 1620 740 1706 Quae
760 1634 826 1688 ete
844 1620 1048 1693 Tertulliano
1061 1625 1095 1691 in
1108 1626 1199 1718 Apo·

131 1733 269 1829 logetico
288 1732 447 1799 adversus
469 1743 583 1822 gentes
605 1726 743 1794 fortasse
760 1725 989 1820 significantur
1006 1730 1058 1798 his
1069 1730 1196 1805 verbis:

137 1844 348 1909 «Saturnum
364 1838 493 1929 itaque,
507 1846 668 1927 quantum
685 1831 799 1927 litterae
814 1831 951 1921 docent,
966 1860 1072 1929 neque
1089 1836 1197 1907 Theo·

132 1946 228 2014 dorus
251 1947 405 2030 Graecus,
422 1955 481 2011 aut
500 1936 652 2022 Thallus,
672 1962 780 2032 neque
802 1940 935 2009 Cassius
957 1943 1116 2029 SeveruS,
1141 1959 1198 2014 aut

134 2051 304 2144 Cornelius
325 2051 463 2142 Nepos,
490 2069 598 2143 neque
623 2042 710 2112 ullus
740 2060 982 2114 commentator
1007 2048 1198 2141 hujusmodi

134 2159 382 2252 antiquitatum,
414 2152 521 2239 aliud,
543 2174 642 2245 quam
664 2151 855 2238 hominem,
874 2153 1152 2247 promulgarunt;
1176 2187 1193 2223 a

134 2264 309 2357 eademque
326 2262 465 2337 fortasse
483 2258 648 2353 significat
664 2272 698 2324 et
711 2256 861 2329 Catullus
880 2261 915 2327 in
928 2261 1036 2354 primo
1050 2261 1106 2331 illo
1120 2288 1196 2331 car.

135 2373 235 2457 mine,
254 2367 346 2463 quod
361 2385 461 2461 supra
473 2363 690 2459 protulimus,
703 2362 854 2432 versibus
873 2365 956 2433 illis:
976 2396 993 2431 a
1008 2371 1080 2436 Iam
1104 2385 1196 2458 turn,

136 2500 230 2569 quum
243 2499 344 2543 ausus
363 2499 416 2560 es,
432 2469 708 2557 unusltalorum,
720 2473 830 2539 Omne
845 2496 951 2539 aevum
967 2474 1072 2542 tribus
1088 2476 1192 2569 expli-

136 2605 202 2650 care
219 2583 380 2651 chartis.»
396 2576 591 2647 Cornelium
605 2579 789 2670 Nepotem,
805 2592 962 2671 tanquam
980 2579 1196 2670 historicum,

136 2689 283 2781 producit
299 2700 416 2755 testem
427 2698 460 2753 et
471 2682 669 2752 Plutarchus
682 2708 786 2777 quum
799 2681 892 2773 alibi,
903 2699 973 2752 turn
985 2686 1020 2753 in
1034 2686 1194 2756 Marcello

135 2795 188 2862 sub
204 2809 411 2879 extremum3
425 2805 459 2858 et
475 2787 581 2858 Aulus
600 2787 726 2858 Gellius
745 2781 866 2876 (Aulus
884 2790 1025 2878 Gellius,
1039 2794 1192 2886 inquam,

135 2923 194 2968 non
210 2900 389 2993 Agellum,
404 2911 443 2965 ut
455 2896 589 2990 quidam
601 2920 709 2990 nuper
718 2899 826 2970 exorti
838 2896 1003 2980 homines,
1019 2901 1192 2987 novitatis,

136 3030 227 3098 quam
238 3006 386 3077 veritatis
396 3002 602 3097 cupidiores,
614 3026 703 3075 novo
715 3016 749 3070 ct
757 3005 914 3077 Romanis
926 3003 1074 3076 inaudito
1087 3008 1192 3081 nomia

135 3135 169 3181 nc
184 3110 354 3208 appellare
377 3124 549 3204 coeperunt
561 3103 592 3198 l,
603 3107 659 3177 lib.
675 3110 796 3196 XVII,
816 3134 842 3176 c.
863 3133 932 3198 213
950 3124 984 3179 et
997 3114 1190 3194 Lactantius

134 3217 329 3305 Firmianus,
344 3216 398 3287 lib.
414 3220 450 3304 I,
463 3242 492 3285 c.
507 3219 594 3287 XIII
605 3244 615 3302 5
625 3230 658 3284 et
671 3214 776 3288 Julius
788 3214 937 3307 solinus,
951 3243 979 3293 e.
999 3220 1042 3289 II.
1059 3219 1191 3291 Profert

134 3337 161 3391 ct
174 3326 360 3407 Charisius,
374 3323 429 3391 lib.
443 3326 460 3393 I
477 3325 584 3393 Instit.
603 3347 758 3416 gramm,
771 3324 875 3398 verba
888 3323 1033 3399 Cornelii
1049 3328 1188 3421 Nepotis

135 3452 168 3497 ex
186 3430 241 3500 lib.
258 3434 343 3499 XVI
358 3428 540 3498 Illustriurn
555 3430 722 3498 Virorum.
744 3432 833 3498 Citat
846 3431 997 3499 eumdem
1017 3447 1133 3501 testem
1155 3436 1189 3500 in

135 3556 208 3604 voce
225 3535 370 3605 audrade
391 3562 431 3604 ex
452 3534 506 3602 lib.
525 3537 569 3604 II.
589 3534 719 3607 Profert
737 3551 769 3603 et
787 3538 988 3621 Priscianus,
1007 3536 1059 3604 lib.
1083 3542 1188 3628 VIII,

135 3637 196 3710 hec
223 3668 264 3712 ex
283 3645 414 3735 Nepote
429 3695 438 3729 ,
456 3666 524 3708 non
551 3656 809 3710 commemorato
835 3658 892 3710 aut
912 3643 1055 3711 indicato
1078 3644 1186 3713 libro:

140 3749 255 3817 «AEdis
269 3749 388 3817 Martis
408 3749 506 3816 estin
526 3749 615 3816 circo
636 3747 795 3815 Flaminio
810 3749 1022 3818 architectata
1041 3750 1081 3816 ab
1099 3754 1187 3819 Her-

138 3854 266 3924 modoro
288 3854 475 3923 Salaminio.
502 3884 519 3918 a
544 3856 705 3923 Praeterea
729 3855 847 3922 harum
876 3857 1017 3923 vitarum
1048 3859 1189 3950 scriptor

139 3957 344 4038 dialtione
362 3952 436 4056 (X,
451 3958 489 4050 3,
506 3957 569 4051 2),
583 3987 618 4034 se
628 3960 749 4035 librum
763 3962 805 4030 de
821 3962 983 4037 historicis
1002 3965 1188 4058 scripsisse,

946 4091 1028 4187 Dn.
