2648 4824
448 317 512 386 ar
539 317 769 386 tunicii.
804 276 810 288 ’
1079 348 1139 397 m
1224 272 1234 297 '

68 453 126 521 hic
156 449 241 520 liber
267 448 468 536 obvenerat,
498 447 697 517 laudabilem
723 449 821 516 etiam
852 461 950 542 atque
976 452 1139 524 eruditam

68 581 206 652 operam
216 558 252 625 in
265 580 300 625 se
314 569 544 651 suscepturum
555 555 712 648 putabat,
729 556 755 623 si
766 556 851 623 vitas
860 554 902 623 ad
914 557 1139 654 chronologiae

67 662 177 758 legem
186 665 336 758 apposite
345 663 450 757 magis
465 661 669 755 disponeret;
679 661 801 754 partim
811 662 981 732 inscientia
990 666 1137 756 artificii,

68 794 138 864 quo
153 784 272 838 auctor
286 770 320 836 in
334 794 394 837 suo
410 792 510 861 opere
528 767 701 835 condendo
711 791 788 835 usus
803 782 889 855 erat,
904 765 1082 864 quodque(
1095 773 1140 842 fe-

67 874 227 946 licissimo
249 868 394 961 eventu)
410 872 500 941 nulla
518 898 724 967 quacumque
748 875 977 944 immutatione
1001 877 1136 948 inducta

68 981 195 1050 aboleri
210 1006 346 1076 prorsus
364 994 502 1075 poterat.
521 982 599 1048 Non
607 981 695 1049 enim
709 981 822 1073 Nepos
831 981 864 1047 in
875 980 927 1050 his
943 983 1033 1069 vitis,
1044 985 1136 1056 arida

68 1087 213 1181 quadam
233 1089 452 1181 posteriorum
474 1086 728 1155 Chronistarum
746 1084 930 1180 diligentia,
951 1088 985 1156 id
1007 1106 1137 1184 egerat,

67 1209 107 1262 ut
127 1194 272 1287 cujusvis
286 1194 491 1287 imperatoris
510 1192 597 1261 lacta
615 1206 648 1260 et
665 1216 774 1260 mores
796 1216 816 1260 a
836 1194 945 1286 prima
961 1194 1136 1287 juventute

67 1299 207 1368 advitae
229 1301 352 1367 exitum
372 1301 470 1367 anxia
489 1323 570 1367 cura
593 1299 634 1366 ad
654 1323 758 1367 annos
777 1297 954 1392 digereret;
976 1302 1033 1370 sed
1055 1303 1136 1372 illud

66 1406 180 1500 potius
205 1431 293 1474 curoe
317 1404 479 1493 habebat,
502 1404 645 1500 deligere
667 1428 707 1471 ex
727 1404 871 1496 cujusvis
896 1407 1135 1499 imperatorum

66 1512 152 1597 vita,
174 1536 248 1604 quae
270 1511 313 1578 ad
334 1512 541 1605 propositum
563 1536 659 1578 suum
681 1511 881 1605 pertinentia
894 1514 1035 1582 maxime
1054 1516 1137 1582 arbi·

66 1631 231 1705 traretur3
242 1642 414 1711 segregare
426 1641 506 1685 vero
520 1631 618 1710 atque
634 1616 712 1684 data
726 1640 827 1710 opera
841 1619 980 1686 transire
995 1635 1135 1708 cuncta,

66 1748 142 1816 quae
162 1723 205 1792 ad
225 1748 296 1791 rem
319 1724 427 1791 minus
448 1724 631 1791 necessaria
653 1721 853 1790 viderentur.
875 1724 916 1789 In
941 1723 997 1791 tali
1022 1723 1135 1794 labore

65 1854 137 1897 non
159 1844 291 1923 poterat
313 1829 440 1896 auctori
461 1853 529 1896 non
548 1829 687 1922 praeberi
700 1827 914 1921 quandoque,
936 1843 1006 1897 tum
1029 1832 1064 1897 in
1086 1857 1136 1900 or-

67 1934 212 2022 diendis,
230 1950 302 2003 tum
321 1937 356 2003 in
376 1933 527 2003 finiendis
544 1933 709 2003 nonnullis
722 1935 814 2019 vitis,
826 1947 897 2001 tum
913 1960 994 2004 vero
1012 1937 1047 2003 in
1064 1962 1136 2031 par·

66 2042 157 2110 tibus
167 2043 277 2135 operis
286 2041 465 2134 majoribus
476 2042 561 2109 inter
572 2065 606 2109 se
618 2040 869 2126 connectendis,
883 2043 1134 2135 opportunitas,

67 2171 135 2240 qua
161 2161 296 2240 arrepta
326 2147 468 2216 formam
496 2148 605 2240 operis
631 2146 969 2240 adornationemque,
998 2163 1036 2216 ut
1061 2173 1135 2218 eam

67 2253 161 2320 initio
190 2267 301 2321 mente
331 2254 558 2346 concepisset,
584 2252 710 2321 indiciis
739 2250 937 2344 quibusdam
970 2257 1135 2348 aperiret,

66 2360 403 2452 consecutionemque
431 2372 596 2427 certarum
623 2360 784 2452 partium,
811 2357 974 2427 industria
993 2361 1135 2454 quadam

66 2466 116 2535 sic
127 2466 388 2559 compositarum
398 2465 563 2559 proderet.
578 2464 708 2552 Quibus
724 2463 777 2531 ille
790 2464 914 2533 ordinis
929 2481 1135 2559 permutator

67 2570 152 2639 nihil
176 2571 339 2659 adversis,
360 2571 486 2664 disjecit
507 2572 727 2664 incogitanter
748 2569 898 2638 membra
919 2575 1067 2666 corporis
1089 2578 1134 2643 ita

67 2679 237 2771 aptissime
250 2676 333 2764 ficti,
351 2691 389 2744 ut
406 2691 483 2772 post
496 2700 727 2770 quamcunque
742 2674 839 2744 aliam
857 2676 978 2745 factam
999 2704 1134 2774 compo·

66 2784 223 2852 sitionem
241 2808 309 2851 non
329 2798 440 2877 posset
460 2808 529 2852 non
550 2784 750 2851 monstruosi
763 2782 842 2875 quid
857 2783 954 2851 exire.
972 2786 1020 2852 Ut
1031 2786 1135 2855 verbo

66 2889 198 2978 dicam,
221 2891 284 2957 ista
304 2890 580 2983 metamorphosi,
601 2912 701 2980 quam
720 2886 803 2956 liber
823 2887 877 2955 hic
900 2890 1040 2982 Nepotis
1064 2917 1135 2986 per·

65 3019 183 3088 pessus
205 3009 272 3082 est,
296 2998 482 3090 accepimus
510 2994 721 3063 tantumdem
748 2993 908 3088 quidem,
932 3019 1032 3088 quam
1055 2997 1133 3067 olim

47 3117 159 3189 ,erat,
181 3126 250 3169 non
272 3101 370 3170 idem

122 3209 231 3301 Igitur
239 3206 540 3301 probabilissimum
545 3209 614 3301 jam
624 3206 925 3293 habeo,auctorem
937 3223 1090 3279 nostrum
1099 3214 1133 3280 in

68 3313 146 3381 vitis
156 3315 396 3407 imperatorum
405 3313 605 3408 exponendis
615 3315 784 3382 civitatum
796 3313 972 3407 quemdam
983 3317 1133 3386 ordinem

68 3443 228 3488 servasse.
250 3423 293 3488 Et
314 3422 412 3513 primi
434 3419 566 3513 quidem
588 3414 797 3515 pbnebantur
816 3419 861 3488 illi
882 3422 1133 3493 Atheniensium

68 3523 170 3594 duces
191 3540 353 3619 perpetua
371 3528 472 3595 serie:
487 3525 667 3610 Miltiades,
684 3525 936 3614 Themistocles,
958 3530 1132 3620 Aristides,

69 3632 210 3719 Cimon,
220 3631 419 3719 Alcibiades,
430 3631 672 3725 Thrasybulus,
685 3634 820 3718 Conon,
832 3633 1029 3726 Iphicrates,
1044 3636 1131 3704 Cha·

71 3735 175 3827 brias,
200 3739 409 3826 Timotheus,
431 3739 586 3807 Phocion.
611 3741 670 3806 His
691 3737 771 3807 alios
795 3739 933 3807 totidem
953 3766 993 3808 ex
1015 3744 1130 3809 ceteris

72 3842 255 3914 civitatibus
277 3847 418 3914 externis
436 3846 668 3939 conquirebat,
686 3845 914 3939 excitabatque
928 3872 969 3913 ex
984 3847 1133 3915 Lacedae-

73 3951 188 4021 moniis
208 3954 421 4042 Pausaniam,
441 3953 664 4048 Lysandrum,
678 3952 889 4049 Agesilaum
907 3977 947 4022 on
966 3952 1131 4024 Thebanis
