2648 4824
131 390 178 434 xx
493 367 827 434 TESTIMONIA

129 524 232 592 quum
253 496 306 565 ille
328 498 370 565 ad
389 522 442 566 me
458 499 612 576 misisset,
628 497 722 566 avide
742 495 850 591 legere
866 501 959 590 coepi.
976 499 1108 569 Titulus
1124 517 1195 571 erat

128 604 350 696 hujusmodi:
375 606 549 672 AEMYLII
570 606 705 672 PROBI
732 605 794 672 DE
822 606 1195 676 IMPERATORIBUS

128 712 416 780 EXTERARUM
439 711 654 779 GENTIUM
682 712 825 778 LIBER.
846 711 934 778 Finis
955 709 1050 798 libri,
1072 715 1099 781 si
1126 715 1196 806 epi·

130 842 278 910 gramma
294 817 393 884 Probi
403 815 548 908 ejusdem
558 869 567 902 ,
576 816 666 909 quod
675 841 739 884 nos
753 840 793 883 ex
805 817 941 885 vetustis
951 817 1195 912 exemplaribus

129 925 164 990 in
183 920 321 1016 epistola
337 922 379 990 ad
401 924 602 1016 Gregorium
621 921 831 1016 Angelerium
853 937 885 990 et
904 922 1043 991 Paulum
1061 926 1195 1019 Ligium

128 1031 321 1124 posuimus,
343 1029 504 1122 excipias,
522 1026 627 1122 qualis
651 1029 686 1096 in
707 1027 949 1122 vulgarioribus
967 1030 1144 1099 codicibus.
1165 1034 1195 1100 E

129 1136 243 1204 seribae
263 1160 344 1204 vero
364 1160 488 1229 penore
504 1135 650 1228 subjecta
666 1133 766 1202 verba
784 1160 791 1202 :
814 1137 1023 1230 Completum
1039 1152 1091 1204 est
1107 1161 1196 1232 opus

129 1242 277 1334 AEmylii
296 1241 404 1310 Probi
430 1242 579 1313 Cornelii
596 1245 753 1336 Nepotis.
774 1243 854 1309 Post
872 1257 1091 1335 praenotatum
1113 1245 1196 1311 titu-

129 1345 198 1415 lum
217 1347 288 1417 haec
307 1373 341 1416 se
362 1349 442 1417 mihi
461 1349 571 1418 statim
588 1349 710 1432 verba,
731 1347 924 1417 obtulerunt
943 1373 950 1415 ε
976 1352 1060 1421 Nou
1077 1349 1197 1419 dubito

116 1455 206 1544 fore
208 1457 395 1549 plerosque
399 1509 409 1541 ,
421 1461 483 1549 qru'
492 1458 625 1525 Atticae
632 1455 696 1523 lzoc
707 1478 817 1548 gentes
828 1460 1006 1549 scr-tptmue
1019 1457 1100 1542 leve,
1114 1470 1197 1542 etc.;
1243 1457 1246 1462 ’

130 1584 203 1653 quae
219 1559 316 1630 lectio
333 1561 537 1655 probabilior
558 1585 616 1648 ea,
635 1586 708 1653 quae
727 1563 761 1628 in
780 1561 933 1629 omnibus
955 1560 1089 1654 reliquis
1105 1561 1195 1630 codi-

131 1667 235 1754 cibus,
245 1693 328 1760 quos
338 1693 400 1762 ego
412 1667 673 1761 legerim,videri
680 1680 800 1761 potest,
808 1692 911 1759 quum
923 1665 968 1734 illi
978 1669 1023 1736 sic
1035 1667 1195 1737 habeant:

37 1770 39 1773 ⁵
129 1775 214 1843 Non
243 1774 360 1842 dubito
389 1775 475 1874 fore
502 1775 689 1868 plerosque
699 1826 710 1858 ,
744 1775 883 1858 Attice,
913 1777 982 1867 qui·
1000 1773 1065 1842 lzoc
1086 1797 1198 1867 genus

130 1885 310 1974 scripturae
328 1882 408 1965 leve,
430 1895 490 1949 etc.
509 1879 786 1973 Quandoquidem
799 1879 989 1971 neutiquam
1002 1878 1128 1947 frivolis
1144 1904 1195 1947 ar-

131 1987 297 2079 gumentis
307 1986 376 2078 jam
388 1985 451 2053 fuit
464 1987 499 2053 in
511 1987 609 2053 citata
623 1985 762 2080 epistola
775 2009 794 2052 a
806 1985 901 2053 nobis
916 1984 1197 2075 demonstratum,

131 2090 299 2159 AEmilium
316 2092 461 2160 Probum
476 2093 650 2186 Pomponii
663 2092 764 2159 Attici
779 2104 982 2160 coaetaneum
996 2115 1064 2159 non
1077 2090 1195 2163 fuisse:

131 2198 212 2290 quin
233 2223 317 2290 opus
336 2198 400 2267 hoc
415 2198 602 2266 Theodosio
621 2200 819 2292 Imperatori
837 2222 907 2266 esse
924 2196 1087 2280 dicatum3
1103 2198 1197 2290 eujus

132 2304 179 2370 rei
194 2305 398 2397 epigramma
412 2302 492 2372 illud
508 2304 550 2372 ad
561 2303 784 2372 Theodosium
800 2303 946 2398 praebeat
960 2305 1195 2371 testimonium.

132 2409 162 2476 A
174 2410 324 2503 principe
337 2423 448 2479 autem
463 2413 599 2480 Graeciae
611 2411 742 2478 civitate
755 2433 848 2477 suam
858 2411 1068 2503 scriptionem
1085 2408 1198 2504 appel*

131 2513 179 2582 lat
199 2518 372 2602 Atticam,
397 2516 487 2610 quod
512 2503 707 2587 Gracorum
733 2517 970 2609 imperatorum
995 2517 1079 2583 vitas
1102 2540 1196 2583 com·

132 2619 269 2716 plexura
288 2636 390 2710 esset,
415 2620 490 2691 licet
508 2622 541 2689 id
560 2648 628 2691 non
647 2621 827 2690 admodum
846 2623 979 2715 proprie
1001 2621 1126 2690 dictum
1149 2624 1196 2688 vi·

132 2728 269 2816 deatur,
290 2754 393 2823 quum
413 2754 565 2798 sermone
584 2743 697 2797 utatur
715 2729 851 2814 Latino,
877 2752 946 2794 non
972 2730 1101 2797 Graeco
1131 2728 1196 2795 Sed

132 2835 235 2904 dices:
247 2838 362 2924 Quum
375 2836 459 2904 duos
475 2834 527 2904 ille
543 2835 644 2904 libros
659 2835 843 2928 scripserit,
857 2858 1000 2926 quorum
1016 2835 1197 2927 posterior,

131 2957 170 3009 ut
200 2944 339 3036 ipsemet
368 2957 533 3030 testatur,
565 2948 658 3011 vitas
678 2945 925 3036 ¹Romanorum
955 2945 1197 3034 imperatorum

133 3050 331 3133 contineret,
355 3073 394 3117 ac
418 3049 567 3143 praefatio
590 3049 752 3117 ambobus
776 3045 960 3116 communis
986 3045 1086 3114 fuisse
1107 3046 1197 3114 credi

133 3156 253 3246 possit,
270 3179 354 3248 quos
374 3154 453 3223 libri
473 3180 555 3223 voce
575 3154 806 3249 appellaverit,
826 3153 996 3246 inquiens,
1010 3155 1062 3220 Et
1079 3157 1115 3219 in
1134 3153 1199 3222 hoc

132 3283 342 3355 exponemus
367 3261 452 3329 libro
472 3261 515 3329 de
534 3267 609 3330 uita
625 3263 859 3329 excellentium
882 3263 1142 3353 imperatorum,
1162 3275 1200 3327 ut

133 3368 232 3434 etiam
251 3365 366 3434 titulus
381 3366 578 3435 Aldinorum
594 3366 830 3461 exemplarium
842 3365 1063 3451 demonstrat3
1079 3366 1199 3433 rationi

133 3472 389 3566 haudquaquam
401 3488 451 3541 est
462 3476 901 3559 consentaneum‚Atticam
912 3471 976 3539 dici
987 3461 1200 3564 scripturam,

133 3605 207 3674 quae
230 3604 321 3673 aeque
348 3593 381 3647 et
406 3581 540 3649 Graeeos
563 3595 597 3649 et
620 3582 757 3648 Latinos
779 3582 995 3672 imperatores
1021 3577 1197 3646 contineat.

133 3686 350 3781 Responde0,
379 3686 605 3781 praefationem
632 3687 720 3755 hanc
738 3685 780 3753 ad
805 3685 949 3779 priorem
974 3683 1136 3752 duntaxat
1158 3681 1199 3749 li-

135 3793 231 3862 brum
243 3795 418 3887 pertinere,
433 3816 535 3888 quum
544 3795 578 3861 in
593 3817 631 3862 ea
645 3791 735 3861 nulla
745 3793 940 3860 Latinorum
950 3790 1037 3858 facta
1052 3791 1094 3857 sit
1106 3812 1199 3856 men-

133 3899 197 3985 tio,
217 3900 394 3994 dequibus
412 3899 514 3968 altera
532 3901 685 3994 privatim
704 3898 913 3993 praefatione,
932 3921 1005 3991 quae
1025 3895 1201 3990 posteriori

133 4003 217 4074 libro
229 4006 364 4100 praefixu
383 4006 424 4076 de
442 4032 535 4079 more
556 4008 613 4096 sit,
637 4005 835 4100 loqueretur.
857 4003 958 4092 Quod
974 4027 1054 4071 vero
1073 4014 1200 4096 spectat
