<?xml version="1.0" encoding="UTF-8"?>
<!DOCTYPE html PUBLIC "-//W3C//DTD XHTML 1.0 Transitional//EN"
    "http://www.w3.org/TR/xhtml1/DTD/xhtml1-transitional.dtd">
<html xmlns="http://www.w3.org/1999/xhtml" xml:lang="en" lang="en">
 <head>
  <title>
</title>
<meta http-equiv="Content-Type" content="text/html;charset=utf-8" />
  <meta name='ocr-system' content='tesseract 3.04.00' />
  <meta name='ocr-capabilities' content='ocr_page ocr_carea ocr_par ocr_line ocrx_word'/>
</head>
<body>
  <div class='ocr_page' id='page_1' title='image "bibliothecaclas29lemagoog_0039.png"; bbox 0 0 2648 4824; ppageno 0'>
   <div class='ocr_carea' id='block_1_1' title="bbox 200 351 1018 423">
    <p class='ocr_par' dir='ltr' id='par_1_1' title="bbox 200 351 1018 423">
     <span class='ocr_line' id='line_1_1' title="bbox 200 351 1018 423; baseline -0.004 -1"><span class='ocrx_word' id='word_1_1' title='bbox 200 378 275 423; x_wconf 84' lang='lat' dir='ltr'><strong>xxx</strong></span> <span class='ocrx_word' id='word_1_2' title='bbox 341 368 344 374; x_wconf 83' lang='lat'>&#39;</span> <span class='ocrx_word' id='word_1_3' title='bbox 433 352 661 422; x_wconf 86' lang='lat' dir='ltr'><strong>NOTITIA</strong></span> <span class='ocrx_word' id='word_1_4' title='bbox 690 351 1018 419; x_wconf 82' lang='lat' dir='ltr'><strong>LITTERARIA</strong></span> 
     </span>
    </p>
   </div>
   <div class='ocr_carea' id='block_1_2' title="bbox 167 472 1266 2368">
    <p class='ocr_par' dir='ltr' id='par_1_2' title="bbox 201 472 1262 886">
     <span class='ocr_line' id='line_1_2' title="bbox 253 472 1261 560; baseline -0.001 -16"><span class='ocrx_word' id='word_1_5' title='bbox 253 474 531 545; x_wconf 84' lang='lat' dir='ltr'><strong>Pseudo-Daretis</strong></span> <span class='ocrx_word' id='word_1_6' title='bbox 552 474 636 542; x_wconf 92' lang='lat' dir='ltr'><strong>duos</strong></span> <span class='ocrx_word' id='word_1_7' title='bbox 653 472 793 541; x_wconf 86' lang='lat' dir='ltr'><strong>Codices</strong></span> <span class='ocrx_word' id='word_1_8' title='bbox 811 475 923 560; x_wconf 75' lang='lat' dir='ltr'><strong>Mes,</strong></span> <span class='ocrx_word' id='word_1_9' title='bbox 945 498 1048 541; x_wconf 91' lang='lat' dir='ltr'><strong>unum</strong></span> <span class='ocrx_word' id='word_1_10' title='bbox 1072 474 1261 543; x_wconf 85' lang='lat' dir='ltr'><strong>Canonico·</strong></span> 
     </span>
     <span class='ocr_line' id='line_1_3' title="bbox 201 577 1262 672; baseline -0.004 -21"><span class='ocrx_word' id='word_1_11' title='bbox 201 581 568 652; x_wconf 87' lang='lat' dir='ltr'><strong>rumLateranensium</strong></span> <span class='ocrx_word' id='word_1_12' title='bbox 593 580 733 665; x_wconf 90' lang='lat' dir='ltr'><strong>Patavii,</strong></span> <span class='ocrx_word' id='word_1_13' title='bbox 754 577 895 646; x_wconf 90' lang='lat' dir='ltr'><strong>alterum</strong></span> <span class='ocrx_word' id='word_1_14' title='bbox 918 578 1042 672; x_wconf 88' lang='lat' dir='ltr'><strong>Aloysii</strong></span> <span class='ocrx_word' id='word_1_15' title='bbox 1067 580 1262 668; x_wconf 87' lang='lat' dir='ltr'><strong>Corradini‚</strong></span> 
     </span>
     <span class='ocr_line' id='line_1_4' title="bbox 201 684 1261 784; baseline -0.004 -27"><span class='ocrx_word' id='word_1_16' title='bbox 201 687 314 757; x_wconf 91' lang='lat' dir='ltr'><strong>laudat</strong></span> <span class='ocrx_word' id='word_1_17' title='bbox 326 690 376 756; x_wconf 86' lang='lat' dir='ltr'><strong>Io.</strong></span> <span class='ocrx_word' id='word_1_18' title='bbox 392 685 543 755; x_wconf 84' lang='lat' dir='ltr'><strong>Rhodius</strong></span> <span class='ocrx_word' id='word_1_19' title='bbox 554 687 587 752; x_wconf 90' lang='lat' dir='ltr'><strong>in</strong></span> <span class='ocrx_word' id='word_1_20' title='bbox 604 687 690 753; x_wconf 86' lang='lat' dir='ltr'><strong>notis</strong></span> <span class='ocrx_word' id='word_1_21' title='bbox 703 684 744 753; x_wconf 87' lang='lat' dir='ltr'><strong>ad</strong></span> <span class='ocrx_word' id='word_1_22' title='bbox 756 685 963 753; x_wconf 88' lang='lat' dir='ltr'><strong>Scribonium</strong></span> <span class='ocrx_word' id='word_1_23' title='bbox 978 688 1140 778; x_wconf 81' lang='lat' dir='ltr'><strong>Largum,</strong></span> <span class='ocrx_word' id='word_1_24' title='bbox 1152 712 1183 779; x_wconf 92' lang='lat' dir='ltr'><strong>p.</strong></span> <span class='ocrx_word' id='word_1_25' title='bbox 1199 685 1261 784; x_wconf 72' lang='grc' dir='ltr'><strong>βο.</strong></span> 
     </span>
     <span class='ocr_line' id='line_1_5' title="bbox 202 789 1129 886; baseline -0.005 -23"><span class='ocrx_word' id='word_1_26' title='bbox 202 797 334 864; x_wconf 87' lang='lat' dir='ltr'><strong>Citatur</strong></span> <span class='ocrx_word' id='word_1_27' title='bbox 351 794 489 860; x_wconf 88' lang='lat' dir='ltr'><strong>Daresa</strong></span> <span class='ocrx_word' id='word_1_28' title='bbox 503 789 735 878; x_wconf 84' lang='lat' dir='ltr'><strong>Freculfo,lib.</strong></span> <span class='ocrx_word' id='word_1_29' title='bbox 751 817 771 859; x_wconf 85' lang='lat'><strong>2</strong></span> <span class='ocrx_word' id='word_1_30' title='bbox 789 791 963 876; x_wconf 88' lang='lat' dir='ltr'><strong>Chronici,</strong></span> <span class='ocrx_word' id='word_1_31' title='bbox 981 815 1051 884; x_wconf 89' lang='lat' dir='ltr'><strong>cap.</strong></span> <span class='ocrx_word' id='word_1_32' title='bbox 1074 816 1129 886; x_wconf 87' lang='lat'><strong>17.</strong></span> 
     </span>
    </p>

    <p class='ocr_par' dir='ltr' id='par_1_3' title="bbox 167 895 1266 2368">
     <span class='ocr_line' id='line_1_6' title="bbox 254 895 1264 968; baseline -0.004 0"><span class='ocrx_word' id='word_1_33' title='bbox 254 903 515 968; x_wconf 77' lang='lat' dir='ltr'><strong>Praeteritorum</strong></span> <span class='ocrx_word' id='word_1_34' title='bbox 538 895 699 968; x_wconf 79' lang='lat' dir='ltr'><strong>Gallicam</strong></span> <span class='ocrx_word' id='word_1_35' title='bbox 721 897 853 964; x_wconf 89' lang='lat' dir='ltr'><strong>Daretis</strong></span> <span class='ocrx_word' id='word_1_36' title='bbox 871 897 1057 964; x_wconf 82' lang='lat' dir='ltr'>versionem</span> <span class='ocrx_word' id='word_1_37' title='bbox 1074 897 1206 964; x_wconf 84' lang='lat' dir='ltr'><strong>obviam</strong></span> <span class='ocrx_word' id='word_1_38' title='bbox 1230 901 1264 964; x_wconf 92' lang='lat' dir='ltr'><strong>in</strong></span> 
     </span>
     <span class='ocr_line' id='line_1_7' title="bbox 202 1001 1264 1097; baseline -0.003 -24"><span class='ocrx_word' id='word_1_39' title='bbox 202 1003 288 1074; x_wconf 88' lang='lat' dir='ltr'><strong>libro</strong></span> <span class='ocrx_word' id='word_1_40' title='bbox 318 1003 407 1071; x_wconf 88' lang='lat' dir='ltr'><strong>edito</strong></span> <span class='ocrx_word' id='word_1_41' title='bbox 436 1004 538 1072; x_wconf 86' lang='lat' dir='ltr'><strong>Paris.</strong></span> <span class='ocrx_word' id='word_1_42' title='bbox 573 1001 664 1097; x_wconf 84' lang='lat'><strong>1731</strong></span> <span class='ocrx_word' id='word_1_43' title='bbox 687 1048 699 1090; x_wconf 71' lang='lat'><strong><em>,</em></strong></span> <span class='ocrx_word' id='word_1_44' title='bbox 732 1027 775 1071; x_wconf 85' lang='lat'><strong>12</strong></span> <span class='ocrx_word' id='word_1_45' title='bbox 794 1056 806 1089; x_wconf 85' lang='lat'>‚</span> <span class='ocrx_word' id='word_1_46' title='bbox 828 1003 1040 1096; x_wconf 73' lang='lat' dir='ltr'><strong>Mytbologae</strong></span> <span class='ocrx_word' id='word_1_47' title='bbox 1066 1018 1100 1070; x_wconf 84' lang='lat' dir='ltr'><strong>et</strong></span> <span class='ocrx_word' id='word_1_48' title='bbox 1125 1003 1264 1071; x_wconf 66' lang='lat' dir='ltr'><strong>histoire</strong></span> 
     </span>
     <span class='ocr_line' id='line_1_8' title="bbox 200 1101 1264 1202; baseline -0.003 -23"><span class='ocrx_word' id='word_1_49' title='bbox 200 1111 262 1180; x_wconf 79' lang='lat' dir='ltr'><strong>des</strong></span> <span class='ocrx_word' id='word_1_50' title='bbox 276 1111 392 1178; x_wconf 77' lang='lat' dir='ltr'><strong>Dieux</strong></span> <span class='ocrx_word' id='word_1_51' title='bbox 400 1162 412 1196; x_wconf 84' lang='lat'><em>‚</em></span> <span class='ocrx_word' id='word_1_52' title='bbox 435 1109 496 1178; x_wconf 82' lang='lat' dir='ltr'><strong>des</strong></span> <span class='ocrx_word' id='word_1_53' title='bbox 511 1109 732 1179; x_wconf 67' lang='lat' dir='ltr'><strong>demi-Deerat</strong></span> <span class='ocrx_word' id='word_1_54' title='bbox 752 1124 785 1176; x_wconf 80' lang='lat' dir='ltr'><strong>et</strong></span> <span class='ocrx_word' id='word_1_55' title='bbox 808 1108 869 1178; x_wconf 85' lang='lat' dir='ltr'><strong>des</strong></span> <span class='ocrx_word' id='word_1_56' title='bbox 882 1109 966 1202; x_wconf 77' lang='lat' dir='ltr'><strong>plus</strong></span> <span class='ocrx_word' id='word_1_57' title='bbox 985 1109 1131 1176; x_wconf 77' lang='lat' dir='ltr'><strong>illiutres</strong></span> <span class='ocrx_word' id='word_1_58' title='bbox 1149 1101 1264 1177; x_wconf 84' lang='lat' dir='ltr'><strong>He&#39;ms</strong></span> 
     </span>
     <span class='ocr_line' id='line_1_9' title="bbox 199 1207 1266 1310; baseline -0.003 -25"><span class='ocrx_word' id='word_1_59' title='bbox 199 1216 245 1285; x_wconf 78' lang='lat' dir='ltr'><strong>de</strong></span> <span class='ocrx_word' id='word_1_60' title='bbox 270 1207 466 1309; x_wconf 71' lang='lat' dir='ltr'><strong>l&#39;autiqut&#39;te</strong></span> <span class='ocrx_word' id='word_1_61' title='bbox 478 1222 651 1310; x_wconf 69' lang='lat' dir='ltr'><strong>petieram,</strong></span> <span class='ocrx_word' id='word_1_62' title='bbox 672 1239 747 1309; x_wconf 85' lang='lat' dir='ltr'><strong>par</strong></span> <span class='ocrx_word' id='word_1_63' title='bbox 771 1218 821 1283; x_wconf 91' lang='lat' dir='ltr'><strong>M.</strong></span> <span class='ocrx_word' id='word_1_64' title='bbox 851 1216 1001 1309; x_wconf 84' lang='lat' dir='ltr'><strong>Dupuy,</strong></span> <span class='ocrx_word' id='word_1_65' title='bbox 1029 1210 1074 1282; x_wconf 76' lang='lat' dir='ltr'><strong>oia</strong></span> <span class='ocrx_word' id='word_1_66' title='bbox 1101 1215 1172 1282; x_wconf 80' lang='lat' dir='ltr'><strong>l&#39;ou</strong></span> <span class='ocrx_word' id='word_1_67' title='bbox 1181 1215 1266 1300; x_wconf 81' lang='lat' dir='ltr'><strong>fait</strong></span> 
     </span>
     <span class='ocr_line' id='line_1_10' title="bbox 201 1316 1264 1439; baseline -0.001 -50"><span class='ocrx_word' id='word_1_68' title='bbox 201 1325 278 1439; x_wconf 63' lang='lat' dir='ltr'><strong>poir</strong></span> <span class='ocrx_word' id='word_1_69' title='bbox 291 1346 357 1415; x_wconf 83' lang='lat' dir='ltr'><strong>que</strong></span> <span class='ocrx_word' id='word_1_70' title='bbox 378 1324 410 1389; x_wconf 88' lang='lat' dir='ltr'><strong>le</strong></span> <span class='ocrx_word' id='word_1_71' title='bbox 422 1324 529 1409; x_wconf 81' lang='lat' dir='ltr'><strong>culte,</strong></span> <span class='ocrx_word' id='word_1_72' title='bbox 547 1323 596 1390; x_wconf 85' lang='lat' dir='ltr'><strong>les</strong></span> <span class='ocrx_word' id='word_1_73' title='bbox 609 1316 796 1414; x_wconf 64' lang='lat' dir='ltr'><strong>Myrrham,</strong></span> <span class='ocrx_word' id='word_1_74' title='bbox 811 1322 860 1388; x_wconf 85' lang='lat' dir='ltr'><strong>les</strong></span> <span class='ocrx_word' id='word_1_75' title='bbox 874 1319 1071 1409; x_wconf 73' lang='lat' dir='ltr'><strong>Sucrfiees‚</strong></span> <span class='ocrx_word' id='word_1_76' title='bbox 1088 1336 1124 1387; x_wconf 85' lang='lat' dir='ltr'><strong>et</strong></span> <span class='ocrx_word' id='word_1_77' title='bbox 1138 1322 1187 1388; x_wconf 83' lang='lat' dir='ltr'><strong>les</strong></span> <span class='ocrx_word' id='word_1_78' title='bbox 1202 1344 1264 1388; x_wconf 85' lang='lat' dir='ltr'><strong>au-</strong></span> 
     </span>
     <span class='ocr_line' id='line_1_11' title="bbox 201 1418 1265 1522; baseline -0.002 -27"><span class='ocrx_word' id='word_1_79' title='bbox 201 1442 273 1496; x_wconf 77' lang='lat' dir='ltr'><strong>tres</strong></span> <span class='ocrx_word' id='word_1_80' title='bbox 294 1418 505 1498; x_wconf 58' lang='lat' dir='ltr'><strong>ceremonias</strong></span> <span class='ocrx_word' id='word_1_81' title='bbox 532 1428 579 1496; x_wconf 85' lang='lat' dir='ltr'><strong>du</strong></span> <span class='ocrx_word' id='word_1_82' title='bbox 600 1431 811 1522; x_wconf 69' lang='lat' dir='ltr'><strong>Paganume</strong></span> <span class='ocrx_word' id='word_1_83' title='bbox 829 1451 873 1494; x_wconf 84' lang='lat' dir='ltr'><strong>ne</strong></span> <span class='ocrx_word' id='word_1_84' title='bbox 893 1442 974 1494; x_wconf 84' lang='lat' dir='ltr'><strong>sont</strong></span> <span class='ocrx_word' id='word_1_85' title='bbox 988 1451 1054 1520; x_wconf 86' lang='lat' dir='ltr'><strong>que</strong></span> <span class='ocrx_word' id='word_1_86' title='bbox 1073 1425 1134 1494; x_wconf 85' lang='lat' dir='ltr'><strong>des</strong></span> <span class='ocrx_word' id='word_1_87' title='bbox 1151 1433 1265 1520; x_wconf 67' lang='lat' dir='ltr'><strong>copres</strong></span> 
     </span>
     <span class='ocr_line' id='line_1_12' title="bbox 201 1530 1265 1628; baseline -0.001 -26"><span class='ocrx_word' id='word_1_88' title='bbox 201 1533 420 1628; x_wconf 67' lang='lat' dir='ltr'><strong>zmpaffuz&#39;tes</strong></span> <span class='ocrx_word' id='word_1_89' title='bbox 440 1535 484 1604; x_wconf 84' lang='lat' dir='ltr'><strong>de</strong></span> <span class='ocrx_word' id='word_1_90' title='bbox 505 1536 682 1603; x_wconf 75' lang='lat' dir='ltr'><strong>l’Hirtoire</strong></span> <span class='ocrx_word' id='word_1_91' title='bbox 698 1539 830 1618; x_wconf 54' lang='lat' dir='ltr'><strong>salutm</strong></span> <span class='ocrx_word' id='word_1_92' title='bbox 850 1535 1007 1600; x_wconf 89' lang='lat' dir='ltr'><strong>Daretem</strong></span> <span class='ocrx_word' id='word_1_93' title='bbox 1021 1530 1148 1600; x_wconf 87' lang='lat' dir='ltr'><strong>Gallica</strong></span> <span class='ocrx_word' id='word_1_94' title='bbox 1165 1557 1265 1625; x_wconf 89' lang='lat' dir='ltr'><strong>prosa</strong></span> 
     </span>
     <span class='ocr_line' id='line_1_13' title="bbox 202 1637 1263 1732; baseline -0.003 -25"><span class='ocrx_word' id='word_1_95' title='bbox 202 1654 348 1708; x_wconf 90' lang='lat' dir='ltr'><strong>verterat</strong></span> <span class='ocrx_word' id='word_1_96' title='bbox 370 1639 481 1708; x_wconf 83' lang='lat' dir='ltr'><strong>seculo</strong></span> <span class='ocrx_word' id='word_1_97' title='bbox 495 1640 565 1732; x_wconf 91' lang='lat' dir='ltr'><strong>jam</strong></span> <span class='ocrx_word' id='word_1_98' title='bbox 586 1639 827 1707; x_wconf 87' lang='lat' dir='ltr'><strong>tertio-decimo</strong></span> <span class='ocrx_word' id='word_1_99' title='bbox 848 1637 1051 1707; x_wconf 88' lang='lat' dir='ltr'><strong>Gotofredus</strong></span> <span class='ocrx_word' id='word_1_100' title='bbox 1071 1637 1112 1705; x_wconf 88' lang='lat' dir='ltr'><strong>de</strong></span> <span class='ocrx_word' id='word_1_101' title='bbox 1133 1639 1263 1706; x_wconf 85' lang='lat' dir='ltr'><strong>Water-</strong></span> 
     </span>
     <span class='ocr_line' id='line_1_14' title="bbox 204 1743 1263 1833; baseline -0.004 -19"><span class='ocrx_word' id='word_1_102' title='bbox 204 1745 328 1833; x_wconf 87' lang='lat' dir='ltr'><strong>fordia‚</strong></span> <span class='ocrx_word' id='word_1_103' title='bbox 347 1746 528 1831; x_wconf 73' lang='lat' dir='ltr'><strong>Hiberum,</strong></span> <span class='ocrx_word' id='word_1_104' title='bbox 549 1745 631 1815; x_wconf 88' lang='lat' dir='ltr'><strong>Ord.</strong></span> <span class='ocrx_word' id='word_1_105' title='bbox 655 1745 920 1813; x_wconf 83' lang='lat' dir='ltr'><strong>Praedicatorum.</strong></span> <span class='ocrx_word' id='word_1_106' title='bbox 942 1743 1029 1812; x_wconf 85' lang='lat' dir='ltr'><strong>Vide</strong></span> <span class='ocrx_word' id='word_1_107' title='bbox 1046 1748 1114 1812; x_wconf 87' lang='lat' dir='ltr'><strong>Jac.</strong></span> <span class='ocrx_word' id='word_1_108' title='bbox 1132 1744 1263 1811; x_wconf 83' lang='lat' dir='ltr'><strong>Echar-</strong></span> 
     </span>
     <span class='ocr_line' id='line_1_15' title="bbox 202 1848 1262 1946; baseline -0.003 -27"><span class='ocrx_word' id='word_1_109' title='bbox 202 1851 300 1938; x_wconf 82' lang='lat' dir='ltr'><strong>dum,</strong></span> <span class='ocrx_word' id='word_1_110' title='bbox 320 1850 597 1945; x_wconf 88' lang='lat' dir='ltr'><strong>descriptoribus</strong></span> <span class='ocrx_word' id='word_1_111' title='bbox 622 1850 755 1919; x_wconf 85' lang='lat' dir='ltr'><strong>Ordinis</strong></span> <span class='ocrx_word' id='word_1_112' title='bbox 775 1851 1001 1934; x_wconf 88' lang='lat' dir='ltr'><strong>Dominicani,</strong></span> <span class='ocrx_word' id='word_1_113' title='bbox 1023 1864 1045 1916; x_wconf 89' lang='lat' dir='ltr'><strong>t.</strong></span> <span class='ocrx_word' id='word_1_114' title='bbox 1067 1853 1103 1936; x_wconf 84' lang='grc' dir='ltr'><strong>Ι,</strong></span> <span class='ocrx_word' id='word_1_115' title='bbox 1119 1874 1153 1942; x_wconf 92' lang='lat' dir='ltr'><strong>p.</strong></span> <span class='ocrx_word' id='word_1_116' title='bbox 1177 1848 1262 1946; x_wconf 69' lang='lat'>467.</span> 
     </span>
     <span class='ocr_line' id='line_1_16' title="bbox 203 1954 1264 2049; baseline -0.004 -23"><span class='ocrx_word' id='word_1_117' title='bbox 203 1961 280 2026; x_wconf 91' lang='lat' dir='ltr'><strong>Non</strong></span> <span class='ocrx_word' id='word_1_118' title='bbox 302 1955 540 2044; x_wconf 83' lang='lat' dir='ltr'><strong>omittendum,</strong></span> <span class='ocrx_word' id='word_1_119' title='bbox 561 1955 652 2049; x_wconf 86' lang='lat' dir='ltr'><strong>quod</strong></span> <span class='ocrx_word' id='word_1_120' title='bbox 676 1959 782 2025; x_wconf 87' lang='lat' dir='ltr'><strong>Dares</strong></span> <span class='ocrx_word' id='word_1_121' title='bbox 804 1954 933 2025; x_wconf 88' lang='lat' dir='ltr'><strong>Gallico</strong></span> <span class='ocrx_word' id='word_1_122' title='bbox 954 1957 1054 2023; x_wconf 90' lang='lat' dir='ltr'><strong>etiam</strong></span> <span class='ocrx_word' id='word_1_123' title='bbox 1076 1969 1182 2023; x_wconf 91' lang='lat' dir='ltr'><strong>metro</strong></span> <span class='ocrx_word' id='word_1_124' title='bbox 1207 1955 1264 2023; x_wconf 89' lang='lat' dir='ltr'><strong>ad·</strong></span> 
     </span>
     <span class='ocr_line' id='line_1_17' title="bbox 203 2060 1264 2145; baseline -0.003 -14"><span class='ocrx_word' id='word_1_125' title='bbox 203 2064 337 2145; x_wconf 90' lang='lat' dir='ltr'><strong>strictus</strong></span> <span class='ocrx_word' id='word_1_126' title='bbox 355 2076 446 2130; x_wconf 81' lang='lat' dir='ltr'><strong>extat</strong></span> <span class='ocrx_word' id='word_1_127' title='bbox 460 2063 495 2128; x_wconf 90' lang='lat' dir='ltr'><strong>in</strong></span> <span class='ocrx_word' id='word_1_128' title='bbox 517 2062 630 2131; x_wconf 88' lang='lat' dir='ltr'><strong>codice</strong></span> <span class='ocrx_word' id='word_1_129' title='bbox 656 2061 757 2130; x_wconf 91' lang='lat' dir='ltr'><strong>seculi</strong></span> <span class='ocrx_word' id='word_1_130' title='bbox 777 2065 844 2131; x_wconf 89' lang='lat' dir='ltr'><strong>XII</strong></span> <span class='ocrx_word' id='word_1_131' title='bbox 872 2062 1125 2130; x_wconf 89' lang='lat' dir='ltr'><strong>membranaceo</strong></span> <span class='ocrx_word' id='word_1_132' title='bbox 1147 2060 1264 2128; x_wconf 91' lang='lat' dir='ltr'><strong>biblio·</strong></span> 
     </span>
     <span class='ocr_line' id='line_1_18' title="bbox 167 2160 1264 2238; baseline -0.004 -1"><span class='ocrx_word' id='word_1_133' title='bbox 167 2160 168 2165; x_wconf 8' lang='grc' dir='ltr'>ἵ</span> <span class='ocrx_word' id='word_1_134' title='bbox 205 2167 309 2238; x_wconf 81' lang='lat' dir='ltr'><strong>thecae</strong></span> <span class='ocrx_word' id='word_1_135' title='bbox 327 2168 552 2236; x_wconf 84' lang='lat' dir='ltr'><strong>Ambrosiauae</strong></span> <span class='ocrx_word' id='word_1_136' title='bbox 571 2166 833 2238; x_wconf 87' lang='lat' dir='ltr'><strong>Mediolanensis.</strong></span> <span class='ocrx_word' id='word_1_137' title='bbox 847 2168 933 2236; x_wconf 86' lang='lat' dir='ltr'><strong>Vide</strong></span> <span class='ocrx_word' id='word_1_138' title='bbox 951 2170 991 2235; x_wconf 89' lang='lat' dir='ltr'><strong>V.</strong></span> <span class='ocrx_word' id='word_1_139' title='bbox 1020 2171 1058 2236; x_wconf 88' lang='lat' dir='ltr'><strong>C.</strong></span> <span class='ocrx_word' id='word_1_140' title='bbox 1076 2167 1264 2235; x_wconf 60' lang='lat' dir='ltr'><strong>&gt;Bernhardi</strong></span> 
     </span>
     <span class='ocr_line' id='line_1_19' title="bbox 205 2271 1264 2368; baseline -0.002 -26"><span class='ocrx_word' id='word_1_141' title='bbox 205 2274 246 2342; x_wconf 91' lang='lat' dir='ltr'><strong>de</strong></span> <span class='ocrx_word' id='word_1_142' title='bbox 273 2274 493 2343; x_wconf 86' lang='lat' dir='ltr'><strong>Montfaucon</strong></span> <span class='ocrx_word' id='word_1_143' title='bbox 514 2276 666 2343; x_wconf 86' lang='lat' dir='ltr'><strong>Diarium</strong></span> <span class='ocrx_word' id='word_1_144' title='bbox 688 2274 861 2361; x_wconf 86' lang='lat' dir='ltr'><strong>Italicum,</strong></span> <span class='ocrx_word' id='word_1_145' title='bbox 883 2301 914 2368; x_wconf 92' lang='lat' dir='ltr'><strong>p.</strong></span> <span class='ocrx_word' id='word_1_146' title='bbox 944 2297 1007 2368; x_wconf 86' lang='lat'><strong>19,</strong></span> <span class='ocrx_word' id='word_1_147' title='bbox 1025 2287 1058 2340; x_wconf 89' lang='lat' dir='ltr'><strong>et</strong></span> <span class='ocrx_word' id='word_1_148' title='bbox 1082 2271 1264 2367; x_wconf 86' lang='lat' dir='ltr'><strong>Palaeogra·</strong></span> 
     </span>
    </p>
   </div>
   <div class='ocr_carea' id='block_1_3' title="bbox 205 2377 1265 2580">
    <p class='ocr_par' dir='ltr' id='par_1_4' title="bbox 205 2377 1265 2580">
     <span class='ocr_line' id='line_1_20' title="bbox 205 2377 1265 2476; baseline 0 -30"><span class='ocrx_word' id='word_1_149' title='bbox 205 2380 317 2476; x_wconf 91' lang='lat' dir='ltr'><strong>phiam</strong></span> <span class='ocrx_word' id='word_1_150' title='bbox 335 2382 504 2467; x_wconf 83' lang='lat' dir='ltr'><strong>Graecam,</strong></span> <span class='ocrx_word' id='word_1_151' title='bbox 517 2405 548 2475; x_wconf 93' lang='lat' dir='ltr'><strong>p.</strong></span> <span class='ocrx_word' id='word_1_152' title='bbox 570 2379 640 2450; x_wconf 82' lang='lat'><strong>138</strong></span> <span class='ocrx_word' id='word_1_153' title='bbox 651 2434 661 2468; x_wconf 86' lang='lat'>‚</span> <span class='ocrx_word' id='word_1_154' title='bbox 674 2382 731 2449; x_wconf 94' lang='lat' dir='ltr'><strong>ubi</strong></span> <span class='ocrx_word' id='word_1_155' title='bbox 745 2380 846 2448; x_wconf 89' lang='lat' dir='ltr'><strong>habes</strong></span> <span class='ocrx_word' id='word_1_156' title='bbox 861 2404 974 2447; x_wconf 90' lang='lat' dir='ltr'><strong>versus</strong></span> <span class='ocrx_word' id='word_1_157' title='bbox 987 2377 1145 2472; x_wconf 90' lang='lat' dir='ltr'><strong>quosdam</strong></span> <span class='ocrx_word' id='word_1_158' title='bbox 1163 2381 1265 2446; x_wconf 88' lang='lat' dir='ltr'><strong>Meta-</strong></span> 
     </span>
     <span class='ocr_line' id='line_1_21' title="bbox 206 2484 1265 2580; baseline -0.002 -28"><span class='ocrx_word' id='word_1_159' title='bbox 206 2486 319 2580; x_wconf 88' lang='lat' dir='ltr'><strong>phrasi</strong></span> <span class='ocrx_word' id='word_1_160' title='bbox 336 2485 381 2553; x_wconf 94' lang='lat' dir='ltr'><strong>illi</strong></span> <span class='ocrx_word' id='word_1_161' title='bbox 396 2487 589 2580; x_wconf 88' lang='lat' dir='ltr'><strong>praemissos.</strong></span> <span class='ocrx_word' id='word_1_162' title='bbox 610 2486 821 2555; x_wconf 88' lang='lat' dir='ltr'><strong>Conferenda</strong></span> <span class='ocrx_word' id='word_1_163' title='bbox 834 2485 947 2553; x_wconf 90' lang='lat' dir='ltr'><strong>itidem</strong></span> <span class='ocrx_word' id='word_1_164' title='bbox 968 2486 1111 2552; x_wconf 82' lang='lat' dir='ltr'><strong>Historia</strong></span> <span class='ocrx_word' id='word_1_165' title='bbox 1123 2484 1265 2576; x_wconf 78' lang='lat' dir='ltr'><strong>Trojano</strong></span> 
     </span>
    </p>
   </div>
   <div class='ocr_carea' id='block_1_4' title="bbox 205 2590 1267 3215">
    <p class='ocr_par' dir='ltr' id='par_1_5' title="bbox 205 2590 1267 3215">
     <span class='ocr_line' id='line_1_22' title="bbox 206 2590 1265 2685; baseline -0.001 -25"><span class='ocrx_word' id='word_1_166' title='bbox 206 2592 360 2685; x_wconf 81' lang='lat' dir='ltr'><strong>scriptae</strong></span> <span class='ocrx_word' id='word_1_167' title='bbox 374 2591 528 2661; x_wconf 84' lang='lat' dir='ltr'><strong>Guidone</strong></span> <span class='ocrx_word' id='word_1_168' title='bbox 543 2592 585 2660; x_wconf 90' lang='lat' dir='ltr'><strong>de</strong></span> <span class='ocrx_word' id='word_1_169' title='bbox 594 2591 763 2685; x_wconf 68' lang='lat' dir='ltr'><strong>&#39;Columna</strong></span> <span class='ocrx_word' id='word_1_170' title='bbox 776 2592 998 2678; x_wconf 83' lang='lat' dir='ltr'><strong>Messanensi,</strong></span> <span class='ocrx_word' id='word_1_171' title='bbox 1010 2593 1088 2658; x_wconf 83' lang='lat' dir='ltr'><strong>aU.</strong></span> <span class='ocrx_word' id='word_1_172' title='bbox 1101 2594 1138 2659; x_wconf 87' lang='lat' dir='ltr'><strong>C.</strong></span> <span class='ocrx_word' id='word_1_173' title='bbox 1155 2590 1265 2684; x_wconf 86' lang='lat'>1289,</span> 
     </span>
     <span class='ocr_line' id='line_1_23' title="bbox 205 2694 1265 2795; baseline -0.003 -29"><span class='ocrx_word' id='word_1_174' title='bbox 205 2712 303 2791; x_wconf 87' lang='lat' dir='ltr'><strong>atque</strong></span> <span class='ocrx_word' id='word_1_175' title='bbox 319 2696 406 2786; x_wconf 88' lang='lat' dir='ltr'><strong>edita</strong></span> <span class='ocrx_word' id='word_1_176' title='bbox 421 2698 624 2793; x_wconf 82' lang='lat' dir='ltr'><strong>Argentinae‚</strong></span> <span class='ocrx_word' id='word_1_177' title='bbox 645 2696 741 2783; x_wconf 75' lang='grc'>1486</span> <span class='ocrx_word' id='word_1_178' title='bbox 758 2713 791 2767; x_wconf 90' lang='lat' dir='ltr'><strong>et</strong></span> <span class='ocrx_word' id='word_1_179' title='bbox 807 2697 922 2795; x_wconf 78' lang='grc'>1489,</span> <span class='ocrx_word' id='word_1_180' title='bbox 937 2694 991 2765; x_wconf 89' lang='lat' dir='ltr'><strong>fol.</strong></span> <span class='ocrx_word' id='word_1_181' title='bbox 1004 2698 1153 2789; x_wconf 87' lang='lat' dir='ltr'><strong>Utraque</strong></span> <span class='ocrx_word' id='word_1_182' title='bbox 1166 2696 1265 2764; x_wconf 89' lang='lat' dir='ltr'><strong>editio</strong></span> 
     </span>
     <span class='ocr_line' id='line_1_24' title="bbox 205 2801 1263 2898; baseline -0.005 -26"><span class='ocrx_word' id='word_1_183' title='bbox 205 2803 248 2872; x_wconf 87' lang='lat' dir='ltr'><strong>ad</strong></span> <span class='ocrx_word' id='word_1_184' title='bbox 265 2828 382 2872; x_wconf 86' lang='lat' dir='ltr'><strong>manus</strong></span> <span class='ocrx_word' id='word_1_185' title='bbox 402 2804 482 2871; x_wconf 94' lang='lat' dir='ltr'><strong>mihi</strong></span> <span class='ocrx_word' id='word_1_186' title='bbox 496 2819 556 2872; x_wconf 92' lang='lat' dir='ltr'><strong>est.</strong></span> <span class='ocrx_word' id='word_1_187' title='bbox 570 2805 707 2898; x_wconf 88' lang='lat' dir='ltr'><strong>Incipit:</strong></span> <span class='ocrx_word' id='word_1_188' title='bbox 724 2805 845 2873; x_wconf 82' lang='lat' dir='ltr'><strong>«Licet</strong></span> <span class='ocrx_word' id='word_1_189' title='bbox 863 2801 982 2871; x_wconf 83' lang='lat' dir='ltr'><strong>cotidie</strong></span> <span class='ocrx_word' id='word_1_190' title='bbox 996 2816 1108 2870; x_wconf 90' lang='lat' dir='ltr'><strong>vetera</strong></span> <span class='ocrx_word' id='word_1_191' title='bbox 1126 2803 1263 2870; x_wconf 87' lang='lat' dir='ltr'><strong>recenti·</strong></span> 
     </span>
     <span class='ocr_line' id='line_1_25' title="bbox 205 2899 1265 3004; baseline -0.005 -26"><span class='ocrx_word' id='word_1_192' title='bbox 205 2910 267 2978; x_wconf 89' lang='lat' dir='ltr'><strong>bus</strong></span> <span class='ocrx_word' id='word_1_193' title='bbox 288 2909 505 2995; x_wconf 80' lang='lat' dir='ltr'><strong>obruantur.»</strong></span> <span class='ocrx_word' id='word_1_194' title='bbox 522 2913 563 2977; x_wconf 92' lang='lat' dir='ltr'><strong>ln</strong></span> <span class='ocrx_word' id='word_1_195' title='bbox 581 2899 807 3004; x_wconf 55' lang='lat' dir='ltr'><strong>ejus&#39;prologo</strong></span> <span class='ocrx_word' id='word_1_196' title='bbox 826 2909 896 2978; x_wconf 85' lang='lat' dir='ltr'><strong>haec</strong></span> <span class='ocrx_word' id='word_1_197' title='bbox 914 2908 1016 2976; x_wconf 85' lang='lat' dir='ltr'><strong>verba</strong></span> <span class='ocrx_word' id='word_1_198' title='bbox 1035 2907 1209 3003; x_wconf 84' lang='lat' dir='ltr'><strong>leguntur,</strong></span> <span class='ocrx_word' id='word_1_199' title='bbox 1232 2909 1265 2974; x_wconf 92' lang='lat' dir='ltr'><strong>in</strong></span> 
     </span>
     <span class='ocr_line' id='line_1_26' title="bbox 205 3012 1264 3112; baseline -0.004 -30"><span class='ocrx_word' id='word_1_200' title='bbox 205 3015 324 3109; x_wconf 89' lang='lat' dir='ltr'><strong>quibus</strong></span> <span class='ocrx_word' id='word_1_201' title='bbox 339 3014 457 3084; x_wconf 89' lang='lat' dir='ltr'><strong>latinus</strong></span> <span class='ocrx_word' id='word_1_202' title='bbox 477 3012 615 3110; x_wconf 84' lang='lat' dir='ltr'><strong>Dictyos</strong></span> <span class='ocrx_word' id='word_1_203' title='bbox 631 3017 792 3112; x_wconf 85' lang='lat' dir='ltr'><strong>interpres</strong></span> <span class='ocrx_word' id='word_1_204' title='bbox 811 3014 914 3084; x_wconf 89' lang='lat' dir='ltr'><strong>multa</strong></span> <span class='ocrx_word' id='word_1_205' title='bbox 925 3015 1035 3084; x_wconf 88' lang='lat' dir='ltr'><strong>Graeci</strong></span> <span class='ocrx_word' id='word_1_206' title='bbox 1048 3016 1196 3082; x_wconf 89' lang='lat' dir='ltr'><strong>omisisse</strong></span> <span class='ocrx_word' id='word_1_207' title='bbox 1214 3038 1264 3079; x_wconf 87' lang='lat' dir='ltr'><strong>ar·</strong></span> 
     </span>
     <span class='ocr_line' id='line_1_27' title="bbox 207 3112 1267 3215; baseline -0.003 -28"><span class='ocrx_word' id='word_1_208' title='bbox 207 3122 343 3214; x_wconf 86' lang='lat' dir='ltr'><strong>guitur:</strong></span> <span class='ocrx_word' id='word_1_209' title='bbox 367 3149 385 3184; x_wconf 79' lang='lat' dir='ltr'><strong>a</strong></span> <span class='ocrx_word' id='word_1_210' title='bbox 410 3125 459 3188; x_wconf 89' lang='lat' dir='ltr'><strong>Ea</strong></span> <span class='ocrx_word' id='word_1_211' title='bbox 480 3146 552 3214; x_wconf 85' lang='lat' dir='ltr'><strong>quae</strong></span> <span class='ocrx_word' id='word_1_212' title='bbox 575 3146 634 3215; x_wconf 88' lang='lat' dir='ltr'><strong>per</strong></span> <span class='ocrx_word' id='word_1_213' title='bbox 655 3124 767 3190; x_wconf 88' lang='lat' dir='ltr'><strong>Ditem</strong></span> <span class='ocrx_word' id='word_1_214' title='bbox 789 3115 881 3214; x_wconf 84' lang='lat' dir='ltr'><strong>(lege</strong></span> <span class='ocrx_word' id='word_1_215' title='bbox 901 3112 1043 3213; x_wconf 84' lang='lat' dir='ltr'><strong>Dictyn)</strong></span> <span class='ocrx_word' id='word_1_216' title='bbox 1059 3123 1214 3189; x_wconf 88' lang='lat' dir='ltr'><strong>Graecum</strong></span> <span class='ocrx_word' id='word_1_217' title='bbox 1234 3134 1267 3186; x_wconf 88' lang='lat' dir='ltr'><strong>et</strong></span> 
     </span>
    </p>
   </div>
   <div class='ocr_carea' id='block_1_5' title="bbox 204 3301 1286 4094">
    <p class='ocr_par' dir='ltr' id='par_1_6' title="bbox 204 3301 1286 4094">
     <span class='ocr_line' id='line_1_28' title="bbox 207 3301 1266 3375; baseline -0.004 -19"><span class='ocrx_word' id='word_1_218' title='bbox 207 3301 322 3372; x_wconf 87' lang='lat' dir='ltr'><strong>denique</strong></span> <span class='ocrx_word' id='word_1_219' title='bbox 333 3303 365 3354; x_wconf 92' lang='lat' dir='ltr'><strong>ab</strong></span> <span class='ocrx_word' id='word_1_220' title='bbox 378 3301 527 3355; x_wconf 77' lang='lat' dir='ltr'><strong>Alexandro</strong></span> <span class='ocrx_word' id='word_1_221' title='bbox 538 3303 635 3356; x_wconf 88' lang='lat' dir='ltr'><strong>Carolo</strong></span> <span class='ocrx_word' id='word_1_222' title='bbox 647 3302 715 3355; x_wconf 88' lang='lat' dir='ltr'><strong>Tro·</strong></span> <span class='ocrx_word' id='word_1_223' title='bbox 758 3305 816 3375; x_wconf 85' lang='lat' dir='ltr'><strong>poti</strong></span> <span class='ocrx_word' id='word_1_224' title='bbox 838 3303 1007 3356; x_wconf 86' lang='lat' dir='ltr'><strong>tribueretur.</strong></span> <span class='ocrx_word' id='word_1_225' title='bbox 1038 3301 1147 3373; x_wconf 83' lang='lat' dir='ltr'><strong>Scripsit</strong></span> <span class='ocrx_word' id='word_1_226' title='bbox 1168 3315 1195 3353; x_wconf 86' lang='lat' dir='ltr'><strong>et</strong></span> <span class='ocrx_word' id='word_1_227' title='bbox 1218 3302 1266 3352; x_wconf 83' lang='lat' dir='ltr'><strong>alia</strong></span> 
     </span>
     <span class='ocr_line' id='line_1_29' title="bbox 207 3379 1266 3454; baseline -0.003 -20"><span class='ocrx_word' id='word_1_228' title='bbox 207 3381 304 3454; x_wconf 79' lang='lat' dir='ltr'><strong>guaesio</strong></span> <span class='ocrx_word' id='word_1_229' title='bbox 312 3379 409 3433; x_wconf 88' lang='lat' dir='ltr'><strong>editam</strong></span> <span class='ocrx_word' id='word_1_230' title='bbox 418 3382 568 3434; x_wconf 84' lang='lat' dir='ltr'><strong>Dresemius</strong></span> <span class='ocrx_word' id='word_1_231' title='bbox 574 3395 716 3450; x_wconf 82' lang='lat' dir='ltr'><strong>memorat,</strong></span> <span class='ocrx_word' id='word_1_232' title='bbox 758 3385 807 3435; x_wconf 91' lang='lat' dir='ltr'><strong>iste</strong></span> <span class='ocrx_word' id='word_1_233' title='bbox 820 3383 926 3435; x_wconf 87' lang='lat' dir='ltr'><strong>Iscanus</strong></span> <span class='ocrx_word' id='word_1_234' title='bbox 942 3383 1097 3446; x_wconf 77' lang='lat' dir='ltr'><strong>Derouius,</strong></span> <span class='ocrx_word' id='word_1_235' title='bbox 1117 3380 1178 3444; x_wconf 88' lang='lat' dir='ltr'><strong>sed,</strong></span> <span class='ocrx_word' id='word_1_236' title='bbox 1194 3379 1266 3451; x_wconf 92' lang='lat' dir='ltr'><strong>quod</strong></span> 
     </span>
     <span class='ocr_line' id='line_1_30' title="bbox 207 3458 1263 3533; baseline -0.002 -21"><span class='ocrx_word' id='word_1_237' title='bbox 207 3480 359 3533; x_wconf 84' lang='lat' dir='ltr'><strong>quamuon</strong></span> <span class='ocrx_word' id='word_1_238' title='bbox 381 3458 446 3514; x_wconf 84' lang='lat' dir='ltr'><strong>vidi.</strong></span> <span class='ocrx_word' id='word_1_239' title='bbox 468 3462 592 3515; x_wconf 88' lang='lat' dir='ltr'><strong>Ceterum</strong></span> <span class='ocrx_word' id='word_1_240' title='bbox 605 3480 660 3513; x_wconf 88' lang='lat' dir='ltr'><strong>non</strong></span> <span class='ocrx_word' id='word_1_241' title='bbox 675 3462 715 3514; x_wconf 85' lang='lat' dir='ltr'><strong>vi·</strong></span> <span class='ocrx_word' id='word_1_242' title='bbox 759 3460 1263 3527; x_wconf 78' lang='lat' dir='ltr'><strong>eciam,nondumedita,Antioelreidem‚</strong></span> 
     </span>
     <span class='ocr_line' id='line_1_31' title="bbox 207 3539 1267 3612; baseline -0.003 -19"><span class='ocrx_word' id='word_1_243' title='bbox 207 3540 285 3594; x_wconf 88' lang='lat' dir='ltr'><strong>detur</strong></span> <span class='ocrx_word' id='word_1_244' title='bbox 300 3556 355 3597; x_wconf 80' lang='lat' dir='ltr'><strong>ease</strong></span> <span class='ocrx_word' id='word_1_245' title='bbox 370 3539 547 3594; x_wconf 85' lang='lat' dir='ltr'><strong>dubitandum</strong></span> <span class='ocrx_word' id='word_1_246' title='bbox 557 3539 654 3611; x_wconf 72' lang='lat' dir='ltr'><strong>,quod</strong></span> <span class='ocrx_word' id='word_1_247' title='bbox 668 3543 715 3594; x_wconf 88' lang='lat' dir='ltr'><strong>Jo·</strong></span> <span class='ocrx_word' id='word_1_248' title='bbox 758 3545 834 3612; x_wconf 76' lang='lat' dir='ltr'><strong>cujus</strong></span> <span class='ocrx_word' id='word_1_249' title='bbox 848 3543 876 3594; x_wconf 89' lang='lat' dir='ltr'><strong>in</strong></span> <span class='ocrx_word' id='word_1_250' title='bbox 889 3542 1025 3594; x_wconf 85' lang='lat' dir='ltr'><strong>Britannia</strong></span> <span class='ocrx_word' id='word_1_251' title='bbox 1037 3541 1158 3593; x_wconf 86' lang='lat' dir='ltr'><strong>meminit</strong></span> <span class='ocrx_word' id='word_1_252' title='bbox 1170 3539 1267 3592; x_wconf 83' lang='lat' dir='ltr'><strong>Camb-</strong></span> 
     </span>
     <span class='ocr_line' id='line_1_32' title="bbox 205 3619 1266 3692; baseline -0.004 -18"><span class='ocrx_word' id='word_1_253' title='bbox 205 3621 303 3692; x_wconf 82' lang='lat' dir='ltr'><strong>sephus</strong></span> <span class='ocrx_word' id='word_1_254' title='bbox 326 3621 433 3674; x_wconf 79' lang='lat' dir='ltr'><strong>lucanus</strong></span> <span class='ocrx_word' id='word_1_255' title='bbox 455 3634 639 3692; x_wconf 73' lang='lat' dir='ltr'><strong>argumentum</strong></span> <span class='ocrx_word' id='word_1_256' title='bbox 661 3621 716 3674; x_wconf 86' lang='lat' dir='ltr'><strong>sive</strong></span> <span class='ocrx_word' id='word_1_257' title='bbox 759 3620 854 3682; x_wconf 87' lang='lat' dir='ltr'><strong>denus,</strong></span> <span class='ocrx_word' id='word_1_258' title='bbox 869 3621 957 3692; x_wconf 73' lang='lat' dir='ltr'><strong>magni</strong></span> <span class='ocrx_word' id='word_1_259' title='bbox 972 3640 1046 3683; x_wconf 89' lang='lat' dir='ltr'><strong>eum,</strong></span> <span class='ocrx_word' id='word_1_260' title='bbox 1061 3639 1143 3691; x_wconf 88' lang='lat' dir='ltr'><strong>quum</strong></span> <span class='ocrx_word' id='word_1_261' title='bbox 1154 3619 1266 3682; x_wconf 83' lang='lat' dir='ltr'><strong>viveret,</strong></span> 
     </span>
     <span class='ocr_line' id='line_1_33' title="bbox 205 3697 1266 3772; baseline -0.004 -19"><span class='ocrx_word' id='word_1_262' title='bbox 205 3700 358 3772; x_wconf 79' lang='lat' dir='ltr'><strong>periocham</strong></span> <span class='ocrx_word' id='word_1_263' title='bbox 372 3702 508 3772; x_wconf 76' lang='lat' dir='ltr'><strong>poematis</strong></span> <span class='ocrx_word' id='word_1_264' title='bbox 518 3701 559 3754; x_wconf 85' lang='lat' dir='ltr'><strong>sui</strong></span> <span class='ocrx_word' id='word_1_265' title='bbox 575 3699 717 3754; x_wconf 84' lang='lat' dir='ltr'><strong>adsciverit</strong></span> <span class='ocrx_word' id='word_1_266' title='bbox 755 3701 828 3754; x_wconf 83' lang='lat' dir='ltr'><strong>inter</strong></span> <span class='ocrx_word' id='word_1_267' title='bbox 847 3719 913 3753; x_wconf 86' lang='lat' dir='ltr'><strong>suos.</strong></span> <span class='ocrx_word' id='word_1_268' title='bbox 930 3700 1050 3752; x_wconf 86' lang='lat' dir='ltr'><strong>habitum</strong></span> <span class='ocrx_word' id='word_1_269' title='bbox 1069 3712 1185 3751; x_wconf 86' lang='lat' dir='ltr'><strong>testatus.</strong></span> <span class='ocrx_word' id='word_1_270' title='bbox 1196 3697 1266 3750; x_wconf 88' lang='lat' dir='ltr'><strong>Vide</strong></span> 
     </span>
     <span class='ocr_line' id='line_1_34' title="bbox 205 3779 1267 3852; baseline -0.004 -18"><span class='ocrx_word' id='word_1_271' title='bbox 205 3783 329 3834; x_wconf 83' lang='lat' dir='ltr'><strong>Daretem</strong></span> <span class='ocrx_word' id='word_1_272' title='bbox 342 3781 454 3833; x_wconf 86' lang='lat' dir='ltr'><strong>latinum</strong></span> <span class='ocrx_word' id='word_1_273' title='bbox 467 3781 614 3852; x_wconf 84' lang='lat' dir='ltr'><strong>prosarium</strong></span> <span class='ocrx_word' id='word_1_274' title='bbox 626 3821 634 3849; x_wconf 84' lang='lat'>‚</span> <span class='ocrx_word' id='word_1_275' title='bbox 645 3779 716 3834; x_wconf 89' lang='lat' dir='ltr'><strong>unde</strong></span> <span class='ocrx_word' id='word_1_276' title='bbox 759 3782 908 3833; x_wconf 75' lang='lat' dir='ltr'><strong>Iohannem</strong></span> <span class='ocrx_word' id='word_1_277' title='bbox 921 3779 1015 3831; x_wconf 88' lang='lat' dir='ltr'><strong>Prince</strong></span> <span class='ocrx_word' id='word_1_278' title='bbox 1028 3779 1056 3830; x_wconf 91' lang='lat' dir='ltr'><strong>in</strong></span> <span class='ocrx_word' id='word_1_279' title='bbox 1065 3779 1176 3848; x_wconf 81' lang='lat' dir='ltr'><strong>Anglico</strong></span> <span class='ocrx_word' id='word_1_280' title='bbox 1186 3797 1267 3850; x_wconf 87' lang='lat' dir='ltr'><strong>opere</strong></span> 
     </span>
     <span class='ocr_line' id='line_1_35' title="bbox 205 3858 1267 3933; baseline -0.002 -21"><span class='ocrx_word' id='word_1_281' title='bbox 205 3858 302 3913; x_wconf 84' lang='lat' dir='ltr'><strong>deiude</strong></span> <span class='ocrx_word' id='word_1_282' title='bbox 316 3862 478 3926; x_wconf 80' lang='lat' dir='ltr'><strong>factumest,</strong></span> <span class='ocrx_word' id='word_1_283' title='bbox 491 3873 535 3923; x_wconf 82' lang='lat' dir='ltr'><strong>ut,</strong></span> <span class='ocrx_word' id='word_1_284' title='bbox 546 3859 717 3933; x_wconf 82' lang='lat' dir='ltr'><strong>quemadmo·</strong></span> <span class='ocrx_word' id='word_1_285' title='bbox 759 3858 794 3912; x_wconf 87' lang='lat' dir='ltr'><strong>de</strong></span> <span class='ocrx_word' id='word_1_286' title='bbox 803 3859 950 3912; x_wconf 83' lang='lat' dir='ltr'><strong>illustribus</strong></span> <span class='ocrx_word' id='word_1_287' title='bbox 963 3858 1102 3922; x_wconf 67' lang='lat' dir='ltr'><strong>Deventia,</strong></span> <span class='ocrx_word' id='word_1_288' title='bbox 1111 3859 1153 3910; x_wconf 87' lang='lat' dir='ltr'><strong>vel</strong></span> <span class='ocrx_word' id='word_1_289' title='bbox 1166 3860 1187 3910; x_wconf 87' lang='lat' dir='ltr'><strong>si</strong></span> <span class='ocrx_word' id='word_1_290' title='bbox 1200 3858 1267 3910; x_wconf 87' lang='lat' dir='ltr'><strong>liber</strong></span> 
     </span>
     <span class='ocr_line' id='line_1_36' title="bbox 205 3937 1273 4013; baseline -0.003 -21"><span class='ocrx_word' id='word_1_291' title='bbox 205 3938 271 3993; x_wconf 87' lang='lat' dir='ltr'><strong>dum</strong></span> <span class='ocrx_word' id='word_1_292' title='bbox 282 3940 351 3993; x_wconf 84' lang='lat' dir='ltr'><strong>liber</strong></span> <span class='ocrx_word' id='word_1_293' title='bbox 364 3940 420 4013; x_wconf 83' lang='lat' dir='ltr'><strong>ipse</strong></span> <span class='ocrx_word' id='word_1_294' title='bbox 434 3940 669 4008; x_wconf 78' lang='lat' dir='ltr'><strong>Pseudo-Daretis,</strong></span> <span class='ocrx_word' id='word_1_295' title='bbox 680 3942 715 3993; x_wconf 89' lang='lat' dir='ltr'><strong>ita</strong></span> <span class='ocrx_word' id='word_1_296' title='bbox 759 3940 804 3992; x_wconf 87' lang='lat' dir='ltr'><strong>ille</strong></span> <span class='ocrx_word' id='word_1_297' title='bbox 817 3937 850 3990; x_wconf 87' lang='lat' dir='ltr'><strong>ad</strong></span> <span class='ocrx_word' id='word_1_298' title='bbox 865 3939 1273 4006; x_wconf 70' lang='grc' dir='ltr'><strong>1111111111110111ἰῑ,00111111111111114</strong></span> 
     </span>
     <span class='ocr_line' id='line_1_37' title="bbox 204 4017 1286 4094; baseline -0.002 -22"><span class='ocrx_word' id='word_1_299' title='bbox 204 4020 289 4073; x_wconf 76' lang='lat' dir='ltr'><strong>etium</strong></span> <span class='ocrx_word' id='word_1_300' title='bbox 298 4021 383 4077; x_wconf 76' lang='lat' dir='ltr'><strong>lucani</strong></span> <span class='ocrx_word' id='word_1_301' title='bbox 403 4039 499 4094; x_wconf 81' lang='lat' dir='ltr'><strong>poema</strong></span> <span class='ocrx_word' id='word_1_302' title='bbox 519 4022 646 4076; x_wconf 80' lang='lat' dir='ltr'><strong>Cornelio</strong></span> <span class='ocrx_word' id='word_1_303' title='bbox 658 4022 716 4075; x_wconf 81' lang='lat' dir='ltr'><strong>Ne·</strong></span> <span class='ocrx_word' id='word_1_304' title='bbox 747 4020 825 4073; x_wconf 74' lang='lat' dir='ltr'><strong>¹Acta</strong></span> <span class='ocrx_word' id='word_1_305' title='bbox 834 4017 971 4073; x_wconf 82' lang='lat' dir='ltr'><strong>Eruditor.</strong></span> <span class='ocrx_word' id='word_1_306' title='bbox 983 4017 1047 4072; x_wconf 81' lang='lat' dir='ltr'><strong>anui</strong></span> <span class='ocrx_word' id='word_1_307' title='bbox 1060 4037 1145 4088; x_wconf 76' lang='lat'>1702,</span> <span class='ocrx_word' id='word_1_308' title='bbox 1156 4036 1184 4089; x_wconf 90' lang='lat' dir='ltr'><strong>p.</strong></span> <span class='ocrx_word' id='word_1_309' title='bbox 1200 4018 1266 4086; x_wconf 75' lang='lat'>289.</span> <span class='ocrx_word' id='word_1_310' title='bbox 1284 4052 1286 4055; x_wconf 94' lang='lat'>-</span> 
     </span>
    </p>
   </div>
   <div class='ocr_carea' id='block_1_6' title="bbox 0 0 1334 4824">
    <p class='ocr_par' dir='ltr' id='par_1_7' title="bbox 0 0 1334 4824">
     <span class='ocr_line' id='line_1_38' title="bbox 0 0 1334 4824; baseline 0 0"><span class='ocrx_word' id='word_1_311' title='bbox 0 0 1334 4824; x_wconf 95' lang='lat' dir='ltr'><strong> </strong></span> 
     </span>
    </p>
   </div>
  </div>
 </body>
</html>
