2648 4824
214 359 318 409 xxxn
455 338 680 407 NOTITIA
702 339 1029 419 LITTERARIA

215 469 440 556 commentitia
458 468 605 564 Epistola
619 469 663 538 de
678 468 888 538 mirabilibus
900 470 1030 556 Indike,
1048 494 1124 538 cum
1137 471 1273 566 inscrip-

214 578 303 645 tione
313 601 321 644 ε
331 574 516 644 Alexander
528 577 672 670 Magnus
686 574 868 662 Aristoteli,
882 578 1078 669 praeceptori
1097 601 1155 644 suo
1165 630 1174 663 ,
1185 576 1274 645 salu-

214 695 280 750 tem
295 681 509 761 dicituraece
519 705 688 775 nunquam
700 678 782 749 vidit
792 679 1027 767 lucem;latine
1048 707 1142 769 vero,
1156 697 1276 776 praeter

214 787 374 857 editiones
391 787 426 853 in
448 785 651 855 Bibliotheca
672 788 808 872 Graeca,
829 784 883 854 lib.
901 789 951 873 II,
966 811 993 854 c.
1008 789 1062 872 X,
1078 801 1156 856 sect.
1180 812 1240 882 17,
1255 814 1276 855 a

95 962 105 979 ,
214 919 267 962 me
280 906 493 980 memoratas,
503 917 623 961 excusa
635 906 685 960 est
697 916 804 986 nuper
813 893 936 975 Giessae
949 895 1148 980 Hassorum,
1160 891 1275 987 1706,

216 999 257 1085 8,
280 1012 416 1067 curante
430 997 562 1066 Andrea
577 996 746 1084 Paullino,
768 999 824 1090 qui
845 1019 906 1066 nec
918 996 959 1065 de
979 1013 1133 1084 auctore,
1151 1023 1212 1066 nec
1234 999 1274 1066 de

213 1105 392 1197 interprete
411 1103 651 1198 'ambigendum
678 1116 787 1190 ratus,
813 1105 848 1171 in
875 1101 988 1172 schola
1013 1104 1274 1173 Darmstadiensi

213 1232 285 1276 eam
310 1208 487 1302 praelegere
515 1209 681 1304 discipulis
711 1209 776 1277 suis
800 1209 949 1277 instituit.
973 1210 1172 1302 Quanquam
1194 1235 1275 1278 vero

214 1329 342 1384 certum
361 1329 427 1400 est,
454 1317 487 1382 in
509 1314 572 1385 hac
592 1313 741 1408 Epistola
761 1311 824 1406 legi
843 1313 999 1407 pleraque
1023 1315 1274 1408 hujuscemodi,

213 1418 323 1513 qualia
337 1420 379 1487 de
396 1420 499 1491 Indiae
514 1420 718 1488 mirabilibus
740 1418 792 1487 vel
804 1423 1017 1490 commentati
1029 1421 1082 1489 vel
1096 1423 1273 1488 commenti

213 1525 291 1594 olim
313 1540 391 1594 sunt
411 1527 632 1612 Onesicritus,
654 1526 877 1617 Orthagoras,
896 1541 929 1594 et
954 1522 1008 1594 alii
1029 1550 1140 1594 rerum
1162 1542 1273 1620 gesta-

213 1657 287 1699 rum
324 1629 502 1701 Alexandri
534 1634 733 1725 scriptores3
754 1643 866 1698 tamen
898 1631 985 1700 hanc
1018 1631 1200 1725 Epistolam
1231 1632 1274 1700 ab

213 1736 399 1806 Alexandro
421 1739 593 1831 scriptam,
609 1735 662 1804 vel
683 1760 703 1803 a
721 1739 849 1828 Nepote
871 1760 1015 1825 versam,
1037 1738 1171 1805 minime
1193 1737 1274 1806 mihi

212 1843 403 1938 persuadeo.

489 1965 611 2032 Plures
638 1967 785 2035 Cornelii
804 1972 994 2062 seruatores.

266 2165 382 2231 Petrus
413 2160 561 2227 Nannius
595 2157 821 2228 Alcmarianus
854 2158 973 2229 librum
1003 2160 1202 2255 singularem
1231 2163 1271 2231 dc

213 2267 309 2336 claris
325 2263 486 2334 Corneliis
500 2266 628 2359 scripsit
642 2265 683 2332 ad
702 2264 893 2334 Cornelium
907 2268 1052 2335 Musium
1071 2265 1270 2361 Delphium,

169 2450 172 2457 ,
214 2396 355 2465 eumque
374 2395 440 2439 suae
461 2368 625 2465 praeclarae
645 2372 784 2466 Nepotis
802 2371 934 2440 editioni
946 2373 1083 2440 inseruit
1094 2374 1132 2440 A.
1152 2374 1271 2441 Schot-

214 2493 275 2546 tus.
301 2478 340 2544 In
368 2475 423 2545 illo
446 2468 531 2544 libro
554 2490 654 2569 caput
676 2479 708 2545 V
729 2491 778 2545 est
798 2476 838 2544 de
862 2476 1022 2546 Corneliis
1041 2479 1269 2575 scriptoribus.

213 2585 296 2651 Sunt
316 2597 426 2650 autem
444 2596 563 2676 praeter
585 2584 746 2675 Nepotem
761 2596 910 2651 nostrum
925 2584 960 2651 hi
977 2610 985 2651 ε
1000 2582 1173 2652 Cornelius
1192 2584 1271 2654 Gal·

214 2687 281 2775 lus,
306 2703 339 2756 et
363 2687 535 2758 Cornelius
560 2689 709 2776 TacituS‚
738 2687 910 2757 Cornelius
938 2688 1061 2757 Calvus
1085 2704 1218 2776 orator,
1239 2705 1272 2759 et

214 2792 387 2865 Cornelius
403 2796 560 2877 Severus,
580 2818 617 2861 ac
638 2791 813 2862 Cornelius
834 2795 978 2864 Licinius
997 2793 1133 2881 Calvus,
1155 2810 1270 2888 poetae.

214 2903 273 2969 His
287 2900 363 2968 addi
376 2914 515 2994 possunt
525 2924 593 2968 non
602 2901 774 2993 pauciores
785 2899 854 2988 alii,
866 2915 904 2968 ut
915 2898 1087 2969 Cornelius
1102 2899 1271 2987 Thuscus,

213 3031 310 3100 quem
326 3008 359 3073 in
375 3008 526 3075 suasoriis
542 3005 669 3073 deridet
682 3008 805 3074 Seneca
817 3032 826 3090 3
840 3005 1011 3075 Cornelius
1026 3003 1164 3099 Alpinus
1174 3007 1272 3099 ¹apud

212 3115 328 3180 Horat.
339 3165 349 3198 ,
361 3135 459 3205 quem
475 3137 550 3179 cum
565 3110 661 3180 Gallo
680 3107 889 3181 confundunt
905 3107 1054 3179 nonnulli
1069 3137 1078 3197 3
1098 3110 1271 3179 Cornelius

213 3216 430 3311 Capitolinus,
437 3217 587 3285 laudatus
596 3216 758 3285 Trebellio
770 3216 909 3285 Pollioni
919 3217 951 3283 in
964 3215 1179 3303 Odenat03L.
1188 3218 1271 3285 Cor-

213 3322 316 3392 nelius
334 3322 423 3390 Sulla
435 3322 591 3408 dictator,
605 3324 739 3416 ejusque
750 3321 887 3389 libertus
901 3318 1073 3388 Cornelius
1087 3320 1271 3414 Epicadus,

212 3431 268 3523 qui
288 3429 425 3516 librum,
446 3452 544 3521 quem
564 3427 604 3495 de
619 3430 716 3521 gestis
732 3430 797 3496 suis
811 3441 969 3520 patronus
991 3427 1182 3519 scripserat,
1194 3451 1270 3522 sup-

212 3535 332 3630 plevit,
352 3547 435 3602 teste
453 3535 621 3602 Suetonio.
645 3534 730 3602 Vide
749 3535 791 3601 sis
808 3534 964 3602 Vossium
980 3532 1021 3600 de
1040 3534 1123 3600 Hist.
1143 3530 1271 3620 latinis,

212 3640 301 3736 apud
319 3663 417 3732 quern
439 3638 542 3707 habes
564 3640 661 3706 etiam
674 3639 715 3707 de
738 3636 892 3708 Cornelio
913 3637 1047 3707 Boccho
1067 3652 1099 3705 et
1115 3637 1271 3706 Cornelio

211 3746 408 3829 Valeriano,
422 3756 505 3838 quos
521 3742 639 3838 allegat
656 3743 787 3813 Plinius.
809 3747 860 3813 Ex
878 3743 1066 3813 Corneliani
1087 3742 1171 3811 libro
1187 3768 1270 3812 con-

210 3868 262 3921 tra
278 3851 471 3921 Beronicem
486 3848 644 3918 nonnulla
656 3849 754 3940 affert
767 3851 933 3938 Stobaeus,
946 3873 1097 3918 sermone
1110 3851 1170 3917 IV.
1180 3848 1272 3919 Alios

211 3957 383 4054 Cornelios
398 3971 517 4050 praeter
527 3958 694 4025 Nannium
707 3957 819 4026 retulit
832 3958 851 4024 J
853 3982 883 4025 o.
901 3955 1124 4048 Glandorpius
1136 3956 1172 4024 in
1183 3956 1273 4024 Ono·
