2648 4824
499 398 563 464 ET
588 396 821 465 lUDICIA..
1133 424 1200 472 nur

127 528 241 603 dubito
261 529 332 599 fore
351 525 545 623 plerosque,
563 529 693 617 Attice,
710 543 784 616 etc,
799 556 816 593 s
839 541 873 596 et
893 551 933 596 ex
951 526 1018 596 vita
1040 530 1198 623 Catonis,

126 637 198 708 illa:
217 637 356 731 «Hujus
371 634 412 702 de
427 635 496 702 vita
511 649 544 702 et
557 635 707 704 moribus
721 632 816 730 plura
832 635 866 702 in
878 658 917 702 eo
930 631 1015 703 libro
1030 642 1196 730 persecuti

127 769 258 832 sumus,
277 767 376 837 quem
399 742 577 836 separatim
600 740 640 809 de
659 766 699 810 eo
722 741 875 828 fecimus,
897 756 1017 835 rogatu
1037 743 1075 809 T.
1093 745 1196 813 Pom-

130 852 221 945 ponii
241 848 363 937 Attici,
384 861 465 936 etc,
483 877 500 913 »
525 847 619 940 cujus
640 846 773 941 quidem
797 846 872 916 libri
894 846 1136 941 fragmentum,
1158 876 1200 924 ex

129 954 284 1026 Cornelio
306 957 461 1048 Nepote,
483 952 618 1022 laudare
640 953 771 1022 videtur
793 951 936 1041 Gellius,
954 950 1009 1021 lib.
1032 957 1102 1042 XI,
1124 981 1196 1053 cap.

130 1063 161 1133 8.
181 1065 345 1130 Praeterea
369 1059 473 1129 libros
489 1059 533 1128 de
551 1063 644 1128 Viris
666 1059 870 1146 illustribus,
895 1075 1046 1128 veterum
1066 1061 1197 1158 scriptis

128 1167 291 1252 celebres,
313 1169 370 1261 qui
390 1167 514 1260 Nepoti
539 1164 749 1253 tribuuntur,
774 1166 816 1233 ab
844 1166 943 1260 hujus
964 1164 1040 1234 libri
1061 1183 1198 1239 auctore

128 1273 297 1343 confectos
312 1298 398 1358 esse,
412 1273 489 1340 satis
504 1286 643 1366 apparet
656 1296 696 1340 ex
708 1271 774 1340 fine
788 1270 981 1341 Hannibalis
994 1272 1087 1341 vitae:
1104 1303 1120 1338 ε(
1132 1275 1199 1345 Sed

130 1405 187 1450 nos
205 1395 338 1474 tempus
358 1393 424 1466 est,
436 1378 534 1473 hujus
558 1375 633 1445 libri
654 1377 763 1446 facere
785 1376 901 1464 finem,
920 1392 953 1447 et
967 1380 1198 1451 Romanorum

130 1485 292 1581 explicare
320 1488 556 1579 imperatores,
574 1508 640 1576 quo
660 1482 807 1571 facilius,
828 1481 954 1551 collatis
977 1499 1197 1582 utrorumque

129 1592 243 1679 lactis,
265 1592 323 1686 qui
346 1592 409 1659 viri
428 1589 624 1685 praeferendi
651 1590 737 1675 sint,
755 1591 859 1684 possit
876 1588 1024 1682 judicari.
1044 1621 1061 1655 >i
1091 1594 1198 1663 Tanta

130 1700 225 1766 etiam
240 1698 385 1766 suavitas
397 1712 447 1765 est
462 1697 623 1764 sermonis
639 1697 764 1783 Latini,
778 1711 815 1764 ut
829 1709 1002 1790 appareat,
1014 1697 1047 1763 in
1063 1721 1103 1765 eo
1113 1701 1197 1768 nati-

130 1829 206 1872 vum
224 1803 401 1898 quemdam
424 1801 570 1896 leporem
591 1826 682 1889 esse,
702 1827 771 1870 non
788 1801 967 1886 adscitum,
989 1802 1103 1896 etjam
1125 1829 1197 1874 aevo

129 1910 303 1979 Theodosii
325 1910 482 1996 desitum,
498 1933 564 2002 quo
579 1932 648 1976 non
662 1932 781 2001 parum
797 1907 953 1977 inclinata
969 1921 1041 1976 erat
1057 1911 1198 1981 Latiaris

130 2015 321 2110 eloquentia.
348 2017 526 2085 AEmilium
542 2029 653 2083 autem
671 2015 840 2102 Probum,
865 2015 959 2108 cujus
981 2017 1115 2083 nomine
1131 2018 1196 2086 cir·

132 2122 312 2191 cumfertur
332 2122 386 2190 hic
407 2120 509 2207 liber,
532 2120 718 2190 Theodosio
740 2136 900 2216 regnante
921 2121 1056 2209 vixisse,
1076 2137 1108 2190 et
1130 2124 1197 2193 hu-

129 2227 215 2318 jusce
234 2228 310 2297 libri
328 2230 563 2323 exscriptorem
584 2229 694 2323 potius
709 2253 796 2315 esse,
815 2252 914 2322 quam
933 2243 1124 2315 auctorem,
1137 2254 1196 2324 pa·

133 2347 173 2401 tet
191 2360 231 2403 ex
252 2335 304 2403 his
320 2335 471 2405 versibus
492 2361 500 2402 :
525 2335 626 2406 Vade
647 2335 750 2422 liber,
771 2349 833 2403 etc.
856 2327 911 2428 (p.
932 2327 1012 2424 xx)
1034 2337 1096 2402 Hic
1115 2360 1195 2431 ergo

133 2464 185 2508 suo
201 2443 331 2509 auctori
350 2440 525 2529 reddatur,
541 2466 640 2534 quem
655 2442 716 2510 sibi
735 2444 837 2511 Corn.
858 2443 972 2536 Nepos
988 2441 1078 2534 justo
1099 2441 1207 2522 titulo.

133 2546 286 2634 vindicat,
295 2571 458 2641 quemque
474 2572 586 2617 coaevo
603 2573 663 2617 suo
674 2563 709 2616 et
722 2547 873 2616 familiari
885 2549 1071 2642 Pomponio
1085 2549 1196 2618 Attico

133 2650 234 2741 dedit,
257 2654 352 2746 cujus
380 2655 478 2722 etiam
505 2668 624 2748 rogatu
649 2655 751 2722 vitam
774 2656 821 2721 Μ.
853 2655 988 2723 Catonis
1018 2655 1193 2747 separatim

134 2761 273 2852 scripsit,
286 2774 319 2828 et
329 2759 375 2827 illi
386 2774 569 2853 superstes,
580 2759 855 2854 elegantissimam
866 2759 1012 2852 ejusdem
1028 2760 1102 2827 vitae
1116 2784 1195 2828 con-

133 2866 334 2934 suetudinem
345 2863 508 2961 elegantia
514 2867 587 2961 pari
597 2880 794 2959 prosecutus
806 2878 864 2932 est.
873 2866 996 2933 Praeter
1011 2865 1191 2954 Chronica,

131 2970 227 3039 libros
249 2973 512 3066 Exemplorum,
531 2971 575 3040 de
592 2976 685 3041 Viris
703 2969 905 3056 illustribus,
921 2983 955 3036 et
972 2968 1016 3037 de
1028 2974 1104 3038 vita
1122 2974 1191 3041 Ca·

131 3083 233 3165 tonis,
251 3075 373 3146 librum
390 3103 424 3146 se
443 3079 486 3146 de
502 3078 670 3147 lu'storicis
692 3080 822 3146 Graecit
841 3075 1073 3168 conscripsisse
1090 3090 1193 3146 testa-

132 3193 179 3248 tur
196 3185 231 3250 in
246 3185 375 3251 Dione:
393 3213 410 3247 r<
424 3183 490 3251 Sed
503 3182 544 3251 de
562 3184 627 3252 hoc
639 3185 673 3250 in
685 3208 724 3251 eo
739 3208 814 3251 meo
832 3180 916 3250 libro
930 3180 1027 3274 plura
1044 3197 1120 3250 sunt
1138 3209 1193 3253 ex-

131 3290 251 3379 posita,
276 3291 331 3382 qui
357 3288 398 3357 de
419 3289 584 3357 historicis
612 3290 737 3357 Graecis
759 3289 967 3381 conscriptus
992 3301 1049 3356 est.
1074 3318 1091 3353 »
1117 3280 1193 3375 (Sic

131 3396 210 3461 enim
230 3419 270 3462 ex
298 3397 392 3464 MSS.
414 3395 504 3464 hona
526 3394 591 3463 fide
613 3387 787 3488 supplevi)
808 3410 906 3488 atque
929 3391 1068 3462 alterum
1092 3395 1195 3464 edidit

131 3498 167 3567 de
186 3504 321 3569 Latmt's
341 3502 536 3588 historicis,
566 3526 607 3568 ex
632 3526 698 3594 quo
721 3515 876 3594 excerpta
907 3525 976 3568 esse
1007 3499 1194 3594 fragmenta

132 3605 302 3694 Corneliae,
325 3608 556 3676 Gracchorum
583 3609 717 3693 matris,
740 3607 864 3676 Gifanii
892 3606 1004 3675 codice
1021 3606 1192 3700 probatur.

132 3710 224 3797 Quod
243 3712 286 3780 ad
300 3716 432 3782 Daretis
448 3713 582 3807 Phrygii
601 3713 791 3799 historiam,
804 3737 904 3806 quam
917 3736 936 3780 a
951 3715 1052 3781 Corn.
1062 3714 1194 3805 Nepote

132 3816 1193 3910 Latineredditam,Volaterranusetaliitradiderunt,elegantia

131 3922 195 4012 styli
208 3927 318 4017 potius
336 3925 441 4014 ducti,
456 3951 555 4019 quam
572 3940 662 3995 certa
677 3929 818 4014 ratione,
831 3925 942 4018 dispar
961 3922 1062 4016 stylus
1081 3938 1146 4016 est,
1160 3939 1194 3995 et

130 4023 283 4102 dissimilis
305 4033 441 4126 genius,
464 4048 513 4122 et,
540 4035 566 4103 si
586 4032 665 4128 quid
681 4033 715 4103 in
734 4058 787 4127 me
802 4031 935 4125 judicii,
956 4031 1057 4097 Corn.
1079 4031 1195 4127 Nepos
1241 4093 1245 4099 .

957 4146 1009 4228 u³
