2648 4824
182 407 234 456 an
444 386 711 459 CORNELII
737 386 967 459 NEPOTIS

182 517 287 587 Plinio
299 570 309 604 ,
330 520 540 606 Cassiodoro,
553 533 594 591 eti
602 521 770 589 ¹Antonino
783 522 817 589 in
829 520 1005 590 ItInerario
1019 533 1240 608 memoratus,

182 623 345 717 hodieque
357 623 581 695 ecclesiastieae
595 628 838 696 Veronensium
846 626 1063 720 jurisdictioni
1080 626 1238 696 subditus.

183 731 367 798 Historicus
375 729 430 799 hic
442 733 612 824 Ciceronis
621 734 746 801 amicus
759 731 956 801 familiarisa
967 730 1075 802 Gellio
1084 742 1241 816 vocatur,

184 831 239 903 lib.
260 837 346 921 XV,
374 859 445 929 cap.
472 837 530 907 28.
557 839 723 907 Chronica
748 839 933 931 scripsisse,
956 839 1047 905 testis
1074 851 1124 905 est
1152 836 1239 905 idem

184 939 328 1024 Gellius,
339 939 392 1008 lib.
410 942 564 1027 XXVII,
575 966 647 1037 cap.
666 965 724 1012 21.
739 945 780 1011 In
793 943 844 1012 his
858 969 919 1036 pro
937 941 1056 1037 triplici
1070 957 1242 1036 tempore,

182 1037 308 1132 nidulo,
322 1046 435 1138 μυθικῷ
444 1102 453 1134 ,
463 1048 514 1114 καὶ
528 1048 668 1141 ἱστορικῷ
684 1042 745 1138 (de
761 1048 878 1142 quibus
888 1074 928 1116 ex
938 1050 1091 1117 Varrone
1104 1063 1138 1116 et
1152 1047 1240 1137 aliis,

182 1145 267 1218 libro
286 1150 326 1219 de
347 1165 417 1220 arte
435 1152 609 1240 historica,
632 1147 816 1241 diximus),
834 1169 899 1222 tres
918 1153 1050 1222 videtur
1071 1155 1240 1248 scripsisse

182 1252 301 1341 libros,
323 1281 362 1324 ac
383 1258 518 1352 singulis
536 1261 632 1327 unius
648 1260 804 1353 temporis
821 1262 1044 1328 narrationem
1061 1285 1130 1329 esse
1148 1285 1241 1328 com·

183 1359 307 1454 plexus.
334 1366 420 1431 Sane
442 1377 508 1432 tres
529 1363 628 1433 libros
654 1365 767 1434 fecisse
787 1367 971 1459 Nepotem,
994 1364 1113 1458 quibus
1141 1374 1241 1434 omne

183 1492 291 1535 aevum
319 1468 628 1563 comprehenderit,
658 1470 780 1564 liquido
804 1484 941 1538 testatur
973 1467 1121 1539 Catullus
1139 1472 1241 1540 'initio

182 1571 539 1668 hendecasyllaborum.
561 1579 632 1645 Nec
652 1576 845 1644 historicum
866 1590 995 1669 tempus
1016 1575 1058 1643 ab
1076 1600 1116 1644 eo
1133 1575 1241 1644 solum

180 1702 252 1747 esse
274 1694 472 1764 tractatum,
490 1677 609 1749 indicio
628 1697 677 1750 est
693 1679 773 1749 illud
791 1682 948 1749 Ausonii:
967 1709 984 1744 a
1003 1680 1170 1774 Apologos
1184 1683 1240 1750 Ti·

182 1785 276 1869 tiani,
297 1801 331 1854 et
353 1787 491 1879 Nepotis
510 1788 692 1873 Chronica,
706 1787 797 1880 quasi
814 1783 894 1856 alios
907 1783 1065 1881 apologos
1081 1780 1096 1874 (
1114 1811 1192 1854 nam
1207 1800 1243 1856 et

182 1886 251 1983 ipsa
270 1890 373 1960 instar
390 1889 575 1960 fabularum
595 1885 704 1979 sunt),
718 1891 760 1959 ad
778 1888 981 1960 nobilitatem
1003 1905 1094 1959 tuam
1113 1891 1195 1960 misi.
1218 1922 1237 1958 a

182 1996 268 2063 Item
294 2021 334 2064 ex
359 2021 416 2083 eo,
438 1995 527 2089 quod
548 1995 767 2066 Tertullianus
789 1996 822 2065 in
842 1995 1058 2093 Apologetico
1081 1996 1241 2067 adversus
1314 2053 1317 2056 <

162 2123 164 2128 ’
181 2108 295 2194 gentes
316 2093 391 2189 (ubi
413 2127 488 2169 eum
504 2103 589 2170 inter
603 2102 833 2198 antiquitatum
848 2096 1124 2172 commentatores
1137 2100 1240 2181 diser·

182 2212 242 2274 tim
252 2201 401 2301 reponit)
419 2207 517 2295 dicit,
529 2208 618 2277 haud
627 2207 715 2277 aliud
728 2202 923 2297 Saturnum,
936 2234 1036 2302 quam
1050 2209 1240 2297 bominem,

182 2312 417 2409 promulgasse.
431 2313 531 2401 Quod
543 2317 641 2383 etiam
656 2317 847 2397 Lactantius
857 2315 971 2399 tradit,
984 2313 1038 2381 lib.
1049 2316 1083 2400 I,
1093 2334 1164 2408 cap.
1182 2310 1238 2386 13.

182 2416 327 2511 Reliquit
338 2433 495 2512 praeterea
514 2418 613 2501 libros
631 2420 811 2489 Illustrium
825 2420 988 2508 virorum,
1003 2437 1144 2514 quorum
1160 2418 1239 2488 Gel-

183 2521 244 2590 lius
261 2527 430 2613 meminit,
445 2523 501 2592 lib.
516 2528 587 2610 XI,
601 2549 671 2619 cap.
688 2526 726 2611 8,
740 2542 774 2594 et
790 2524 923 2594 Servius
942 2526 975 2592 in
992 2527 1009 2592 I
1027 2524 1153 2593 AEneid.
1169 2525 1240 2593 Eo·

182 2654 254 2696 rum
271 2629 390 2699 librum
404 2633 437 2717 I,
449 2633 515 2699 XV
527 2647 561 2699 et
574 2634 657 2699 XVI
672 2632 751 2699 citat
761 2631 938 2700 Charisius.
951 2633 1003 2703 Ex
1016 2630 1067 2699 his
1078 2629 1240 2699 habemus

125 2729 128 2735 ’
181 2722 303 2828 νὶςίήῖί,
319 2737 401 2804 duos
424 2751 618 2823 exterarum¹
634 2738 779 2829 gentium
801 2734 1022 2831 imperatores
1050 2735 1175 2804 Ceteris
1197 2732 1240 2803 li·

182 2828 250 2908 bris
269 2843 372 2935 egisse
387 2842 428 2910 de
451 2838 623 2929 Romanis,
642 2838 713 2909 liaeo
731 2842 802 2935 ejus
817 2842 919 2909 verba
939 2840 1118 2910 ostendunt
1132 2841 1165 2906 in
1184 2864 1240 2910 ex·

183 2936 290 3013 trema
304 2947 495 3016 Hannibalis
512 2950 580 3015 vita
602 2972 609 3015 :
632 2977 649 3010 «
672 2947 735 3015 Sed
753 2972 813 3016 nos
832 2963 961 3042 tempus
980 2960 1030 3015 est
1050 2945 1148 3037 hujus
1166 2943 1242 3014 libri

182 3049 291 3119 facere
319 3053 435 3140 finem,
468 3070 502 3122 et
530 3053 757 3122 Romanorum
790 3052 954 3147 explicare
980 3044 1245 3147 imperatores²3

182 3181 249 3248 quo
271 3156 418 3243 facilius,
441 3157 567 3226 collatis
590 3173 804 3252 utrorumque
823 3159 940 3244 factis,
960 3158 1017 3251 qui
1043 3157 1105 3248 viri
1120 3152 1241 3251 ,praese-¹

182 3261 275 3328 rendi
294 3263 373 3348 sint,
393 3265 497 3356 possit
507 3263 680 3356 judicari.»
697 3266 816 3358 Operis
829 3263 899 3356 ejus
915 3265 1057 3358 genuina
1071 3262 1241 3356 inscriptio

182 3381 273 3460 patet
288 3393 327 3436 ex
344 3367 467 3437 ultimis
481 3369 570 3439 hisce
586 3369 784 3463 praefationis
802 3370 911 3437 verbis
927 3394 934 3435 :
949 3397 969 3453 u
980 3370 1093 3457 Quare
1107 3367 1149 3435 ad
1162 3392 1241 3462 pro·

63 3529 66 3536 .
183 3470 326 3565 positum
342 3476 531 3562 veniemus,
547 3489 581 3544 et
597 3477 630 3543 in
646 3476 711 3545 hoc
732 3499 933 3568 exponemus
953 3473 1037 3543 libro
1057 3496 1159 3542 uras
1176 3499 1240 3542 nx·

181 3601 410 3675 cancamum
421 3578 693 3650 maausronuiu.
711 3610 728 3645 »
740 3583 1253 3675 Praeterimperatoresseorsum,

182 3709 332 3754 exarasse
353 3684 473 3755 librum
492 3687 533 3756 de
549 3688 714 3782 Regibus,
728 3700 922 3781 argumento
944 3686 1014 3754 haec
1036 3698 1148 3772 erunt,
1167 3709 1241 3778 quae

226 3889 251 3922 a.
271 3871 303 3921 In
315 3869 411 3940 quibus
424 3882 480 3922 erat
492 3883 518 3923 et
532 3869 618 3923 Julius
632 3870 689 3923 Cae·
733 3869 802 3935 culi,
811 3870 851 3920 De
860 3868 1015 3940 Originibus
1023 3884 1129 3930 rerum,
1138 3885 1166 3936 p.
1186 3883 1237 3935 17:

183 3949 461 4013 aar,testeGulielmo
474 3949 622 4020 Pastregico
635 3950 691 4000 Ve-
737 3973 749 3996 «
766 3945 875 4020 Scripsit
899 3960 926 4000 et
943 3946 1008 3999 tulii
1026 3947 1092 3998 Caes.
1112 3945 1240 3998 vitamet

183 4028 308 4096 rodensi,
323 4029 432 4084 hom'ine
445 4028 629 4101 quartidecimi
643 4028 690 4082 saess
734 4040 869 4099 tempora,
880 4031 954 4098 cujus
964 4024 1038 4089 fulsit
1047 4024 1244 4096 temporibus&
