<?xml version="1.0" encoding="UTF-8"?>
<!DOCTYPE html PUBLIC "-//W3C//DTD XHTML 1.0 Transitional//EN"
    "http://www.w3.org/TR/xhtml1/DTD/xhtml1-transitional.dtd">
<html xmlns="http://www.w3.org/1999/xhtml" xml:lang="en" lang="en">
 <head>
  <title>
</title>
<meta http-equiv="Content-Type" content="text/html;charset=utf-8" />
  <meta name='ocr-system' content='tesseract 3.04.00' />
  <meta name='ocr-capabilities' content='ocr_page ocr_carea ocr_par ocr_line ocrx_word'/>
</head>
<body>
  <div class='ocr_page' id='page_1' title='image "bibliothecaclas29lemagoog_0044.png"; bbox 0 0 2648 4824; ppageno 0'>
   <div class='ocr_carea' id='block_1_1' title="bbox 257 361 1250 889">
    <p class='ocr_par' dir='ltr' id='par_1_1' title="bbox 257 361 1250 889">
     <span class='ocr_line' id='line_1_1' title="bbox 273 361 1143 436; baseline 0.006 -5"><span class='ocrx_word' id='word_1_1' title='bbox 273 361 607 431; x_wconf 77' lang='lat' dir='ltr'><strong>TESTIMONIA</strong></span> <span class='ocrx_word' id='word_1_2' title='bbox 633 361 697 429; x_wconf 89' lang='lat' dir='ltr'><strong>ET</strong></span> <span class='ocrx_word' id='word_1_3' title='bbox 723 362 950 430; x_wconf 87' lang='lat' dir='ltr'>JUDICIA.</span> <span class='ocrx_word' id='word_1_4' title='bbox 1043 391 1143 436; x_wconf 83' lang='lat' dir='ltr'>xxxv</span> 
     </span>
     <span class='ocr_line' id='line_1_2' title="bbox 258 450 1250 571; baseline -0.005 -24"><span class='ocrx_word' id='word_1_5' title='bbox 258 483 369 552; x_wconf 90' lang='lat' dir='ltr'><strong>Doctis</strong></span> <span class='ocrx_word' id='word_1_6' title='bbox 381 531 395 566; x_wconf 52' lang='grc' dir='ltr'><em>ν</em></span> <span class='ocrx_word' id='word_1_7' title='bbox 407 482 572 571; x_wconf 85' lang='lat' dir='ltr'><strong>Iuppiter!</strong></span> <span class='ocrx_word' id='word_1_8' title='bbox 591 496 623 544; x_wconf 88' lang='lat' dir='ltr'><strong>et</strong></span> <span class='ocrx_word' id='word_1_9' title='bbox 640 480 817 545; x_wconf 81' lang='lat' dir='ltr'><strong>laboriosis.</strong></span> <span class='ocrx_word' id='word_1_10' title='bbox 1242 450 1250 477; x_wconf 41' lang='lat' dir='ltr'><strong>i</strong></span> 
     </span>
     <span class='ocr_line' id='line_1_3' title="bbox 261 585 1016 674; baseline 0 -21"><span class='ocrx_word' id='word_1_11' title='bbox 261 589 371 670; x_wconf 80' lang='lat' dir='ltr'><strong>Quare</strong></span> <span class='ocrx_word' id='word_1_12' title='bbox 389 587 472 651; x_wconf 81' lang='lat' dir='ltr'><strong>habe</strong></span> <span class='ocrx_word' id='word_1_13' title='bbox 489 587 564 670; x_wconf 85' lang='lat' dir='ltr'><strong>tibi,</strong></span> <span class='ocrx_word' id='word_1_14' title='bbox 582 585 743 674; x_wconf 90' lang='lat' dir='ltr'><strong>quidquid</strong></span> <span class='ocrx_word' id='word_1_15' title='bbox 760 587 822 651; x_wconf 90' lang='lat' dir='ltr'><strong>hoc</strong></span> <span class='ocrx_word' id='word_1_16' title='bbox 840 587 938 653; x_wconf 88' lang='lat' dir='ltr'><strong>libelli</strong></span> <span class='ocrx_word' id='word_1_17' title='bbox 954 606 1016 666; x_wconf 86' lang='lat' dir='ltr'><strong>est,</strong></span> 
     </span>
     <span class='ocr_line' id='line_1_4' title="bbox 257 692 968 785; baseline 0.001 -27"><span class='ocrx_word' id='word_1_18' title='bbox 257 695 525 782; x_wconf 87' lang='lat' dir='ltr'><strong>Qualecumque:</strong></span> <span class='ocrx_word' id='word_1_19' title='bbox 543 692 651 782; x_wconf 81' lang='lat' dir='ltr'><strong>quod,</strong></span> <span class='ocrx_word' id='word_1_20' title='bbox 670 717 690 757; x_wconf 95' lang='grc' dir='ltr'>ο</span> <span class='ocrx_word' id='word_1_21' title='bbox 706 710 843 782; x_wconf 84' lang='lat' dir='ltr'><strong>patrona</strong></span> <span class='ocrx_word' id='word_1_22' title='bbox 856 695 968 785; x_wconf 83' lang='lat' dir='ltr'><strong>virgo,</strong></span> 
     </span>
     <span class='ocr_line' id='line_1_5' title="bbox 257 800 854 889; baseline 0 -24"><span class='ocrx_word' id='word_1_23' title='bbox 257 800 335 865; x_wconf 87' lang='lat' dir='ltr'><strong>Plus</strong></span> <span class='ocrx_word' id='word_1_24' title='bbox 352 824 420 867; x_wconf 89' lang='lat' dir='ltr'><strong>uno</strong></span> <span class='ocrx_word' id='word_1_25' title='bbox 437 817 567 864; x_wconf 84' lang='lat' dir='ltr'><strong>maneat</strong></span> <span class='ocrx_word' id='word_1_26' title='bbox 580 823 722 889; x_wconf 89' lang='lat' dir='ltr'><strong>perenne</strong></span> <span class='ocrx_word' id='word_1_27' title='bbox 740 801 854 865; x_wconf 79' lang='lat' dir='ltr'><strong>saeclo!</strong></span> 
     </span>
    </p>
   </div>
   <div class='ocr_carea' id='block_1_2' title="bbox 360 1004 879 1088">
    <p class='ocr_par' dir='ltr' id='par_1_2' title="bbox 360 1004 879 1088">
     <span class='ocr_line' id='line_1_6' title="bbox 360 1004 879 1088; baseline 0 -17"><span class='ocrx_word' id='word_1_28' title='bbox 360 1004 679 1072; x_wconf 73' lang='lat' dir='ltr'><strong>romeonrus</strong></span> <span class='ocrx_word' id='word_1_29' title='bbox 704 1005 879 1088; x_wconf 72' lang='lat' dir='ltr'><strong>Muti,</strong></span> 
     </span>
    </p>
   </div>
   <div class='ocr_carea' id='block_1_3' title="bbox 298 1152 928 1258">
    <p class='ocr_par' dir='ltr' id='par_1_3' title="bbox 298 1152 928 1258">
     <span class='ocr_line' id='line_1_7' title="bbox 298 1152 928 1258; baseline 0.003 -19"><span class='ocrx_word' id='word_1_30' title='bbox 298 1195 364 1240; x_wconf 78' lang='lat' dir='ltr'><strong>nm.</strong></span> <span class='ocrx_word' id='word_1_31' title='bbox 394 1192 436 1240; x_wconf 89' lang='lat'><strong>111</strong></span> <span class='ocrx_word' id='word_1_32' title='bbox 455 1152 508 1240; x_wconf 62' lang='lat' dir='ltr'><strong>&#39;nr</strong></span> <span class='ocrx_word' id='word_1_33' title='bbox 537 1194 615 1240; x_wconf 84' lang='lat' dir='ltr'><strong>srrn</strong></span> <span class='ocrx_word' id='word_1_34' title='bbox 643 1158 761 1258; x_wconf 76' lang='lat' dir='ltr'><strong>oims,</strong></span> <span class='ocrx_word' id='word_1_35' title='bbox 789 1195 865 1242; x_wconf 71' lang='lat' dir='ltr'><strong>cer.</strong></span> <span class='ocrx_word' id='word_1_36' title='bbox 895 1198 928 1241; x_wconf 90' lang='lat' dir='ltr'><strong>v.</strong></span> 
     </span>
    </p>
   </div>
   <div class='ocr_carea' id='block_1_4' title="bbox 135 1353 1053 1450">
    <p class='ocr_par' dir='ltr' id='par_1_4' title="bbox 135 1353 1053 1450">
     <span class='ocr_line' id='line_1_8' title="bbox 135 1353 1053 1450; baseline 0.002 -23"><span class='ocrx_word' id='word_1_37' title='bbox 135 1355 309 1427; x_wconf 91' lang='lat' dir='ltr'><strong>Cornelius</strong></span> <span class='ocrx_word' id='word_1_38' title='bbox 327 1357 460 1450; x_wconf 83' lang='lat' dir='ltr'><strong>Nepos,</strong></span> <span class='ocrx_word' id='word_1_39' title='bbox 476 1371 514 1424; x_wconf 84' lang='lat' dir='ltr'><strong>ut</strong></span> <span class='ocrx_word' id='word_1_40' title='bbox 533 1357 698 1424; x_wconf 86' lang='lat' dir='ltr'><strong>recentior</strong></span> <span class='ocrx_word' id='word_1_41' title='bbox 712 1364 845 1445; x_wconf 81' lang='lat' dir='ltr'><strong>auctor,</strong></span> <span class='ocrx_word' id='word_1_42' title='bbox 865 1358 911 1427; x_wconf 89' lang='lat' dir='ltr'><strong>ita</strong></span> <span class='ocrx_word' id='word_1_43' title='bbox 924 1353 1053 1429; x_wconf 81' lang='lat' dir='ltr'><strong>certior.</strong></span> 
     </span>
    </p>
   </div>
   <div class='ocr_carea' id='block_1_5' title="bbox 496 1566 732 1653">
    <p class='ocr_par' dir='ltr' id='par_1_5' title="bbox 496 1566 732 1653">
     <span class='ocr_line' id='line_1_9' title="bbox 496 1566 732 1653; baseline -0.013 -17"><span class='ocrx_word' id='word_1_44' title='bbox 496 1566 732 1653; x_wconf 71' lang='lat' dir='ltr'><strong>perusus</strong></span> 
     </span>
    </p>
   </div>
   <div class='ocr_carea' id='block_1_6' title="bbox 271 1762 954 1815">
    <p class='ocr_par' dir='ltr' id='par_1_6' title="bbox 271 1762 954 1815">
     <span class='ocr_line' id='line_1_10' title="bbox 271 1762 954 1815; baseline -0.004 0"><span class='ocrx_word' id='word_1_45' title='bbox 271 1770 336 1815; x_wconf 76' lang='grc' dir='ltr'><strong>ΠΒ.</strong></span> <span class='ocrx_word' id='word_1_46' title='bbox 364 1768 406 1815; x_wconf 92' lang='lat' dir='ltr'><strong>III</strong></span> <span class='ocrx_word' id='word_1_47' title='bbox 434 1768 563 1814; x_wconf 70' lang='lat' dir='ltr'><strong>iterun.</strong></span> <span class='ocrx_word' id='word_1_48' title='bbox 592 1762 731 1813; x_wconf 82' lang='lat' dir='ltr'>HISTOR·</span> <span class='ocrx_word' id='word_1_49' title='bbox 751 1766 828 1815; x_wconf 74' lang='lat' dir='ltr'><strong>CAP·</strong></span> <span class='ocrx_word' id='word_1_50' title='bbox 851 1769 954 1815; x_wconf 81' lang='lat' dir='ltr'><strong>XVIII.</strong></span> 
     </span>
    </p>
   </div>
   <div class='ocr_carea' id='block_1_7' title="bbox 139 1934 696 2034">
    <p class='ocr_par' dir='ltr' id='par_1_7' title="bbox 139 1934 696 2034">
     <span class='ocr_line' id='line_1_11' title="bbox 139 1934 696 2034; baseline -0.009 -25"><span class='ocrx_word' id='word_1_51' title='bbox 139 1942 252 2034; x_wconf 85' lang='lat' dir='ltr'><strong>Nepos</strong></span> <span class='ocrx_word' id='word_1_52' title='bbox 267 1937 457 2024; x_wconf 88' lang='lat' dir='ltr'><strong>Cornelius,</strong></span> <span class='ocrx_word' id='word_1_53' title='bbox 476 1936 556 2005; x_wconf 88' lang='lat' dir='ltr'><strong>Padi</strong></span> <span class='ocrx_word' id='word_1_54' title='bbox 575 1934 696 2006; x_wconf 82' lang='lat' dir='ltr'><strong>accolo.</strong></span> 
     </span>
    </p>
   </div>
   <div class='ocr_carea' id='block_1_8' title="bbox 403 2161 829 2225">
    <p class='ocr_par' dir='ltr' id='par_1_8' title="bbox 403 2161 829 2225">
     <span class='ocr_line' id='line_1_12' title="bbox 403 2161 829 2225; baseline 0 -19"><span class='ocrx_word' id='word_1_55' title='bbox 403 2162 518 2225; x_wconf 78' lang='lat' dir='ltr'><strong>rnen,</strong></span> <span class='ocrx_word' id='word_1_56' title='bbox 546 2162 611 2207; x_wconf 81' lang='lat' dir='ltr'><strong>un.</strong></span> <span class='ocrx_word' id='word_1_57' title='bbox 641 2163 682 2224; x_wconf 85' lang='lat' dir='ltr'><strong>v,</strong></span> <span class='ocrx_word' id='word_1_58' title='bbox 707 2161 784 2208; x_wconf 78' lang='lat' dir='ltr'><strong>oar.</strong></span> <span class='ocrx_word' id='word_1_59' title='bbox 808 2162 829 2207; x_wconf 93' lang='lat'><strong>1.</strong></span> 
     </span>
    </p>
   </div>
   <div class='ocr_carea' id='block_1_9' title="bbox 86 2305 1151 2827">
    <p class='ocr_par' dir='ltr' id='par_1_9' title="bbox 86 2305 1151 2827">
     <span class='ocr_line' id='line_1_13' title="bbox 139 2305 1146 2401; baseline 0.001 -25"><span class='ocrx_word' id='word_1_60' title='bbox 139 2309 252 2376; x_wconf 90' lang='lat' dir='ltr'><strong>Minus</strong></span> <span class='ocrx_word' id='word_1_61' title='bbox 274 2305 425 2401; x_wconf 86' lang='lat' dir='ltr'><strong>profecto</strong></span> <span class='ocrx_word' id='word_1_62' title='bbox 454 2306 614 2373; x_wconf 86' lang='lat' dir='ltr'><strong>mirentur</strong></span> <span class='ocrx_word' id='word_1_63' title='bbox 639 2319 830 2398; x_wconf 87' lang='lat' dir='ltr'><strong>portentosa</strong></span> <span class='ocrx_word' id='word_1_64' title='bbox 855 2307 991 2375; x_wconf 80' lang='lat' dir='ltr'><strong>Graeciae</strong></span> <span class='ocrx_word' id='word_1_65' title='bbox 1013 2309 1146 2377; x_wconf 89' lang='lat' dir='ltr'><strong>menda·</strong></span> 
     </span>
     <span class='ocr_line' id='line_1_14' title="bbox 89 2410 1149 2508; baseline 0 -25"><span class='ocrx_word' id='word_1_66' title='bbox 89 2418 155 2500; x_wconf 86' lang='lat' dir='ltr'><strong>cia,</strong></span> <span class='ocrx_word' id='word_1_67' title='bbox 172 2467 178 2482; x_wconf 91' lang='lat'>.</span> <span class='ocrx_word' id='word_1_68' title='bbox 196 2467 203 2483; x_wconf 87' lang='lat'><strong>.</strong></span> <span class='ocrx_word' id='word_1_69' title='bbox 223 2467 230 2485; x_wconf 90' lang='lat'><strong>.</strong></span> <span class='ocrx_word' id='word_1_70' title='bbox 250 2466 257 2482; x_wconf 87' lang='lat'><strong>.</strong></span> <span class='ocrx_word' id='word_1_71' title='bbox 276 2415 334 2508; x_wconf 90' lang='lat' dir='ltr'><strong>qui</strong></span> <span class='ocrx_word' id='word_1_72' title='bbox 350 2413 512 2506; x_wconf 83' lang='lat' dir='ltr'><strong>cogitent,</strong></span> <span class='ocrx_word' id='word_1_73' title='bbox 539 2425 670 2491; x_wconf 89' lang='lat' dir='ltr'><strong>nostros</strong></span> <span class='ocrx_word' id='word_1_74' title='bbox 688 2436 794 2504; x_wconf 83' lang='lat' dir='ltr'><strong>nuper</strong></span> <span class='ocrx_word' id='word_1_75' title='bbox 809 2410 908 2505; x_wconf 82' lang='lat' dir='ltr'><strong>paulo</strong></span> <span class='ocrx_word' id='word_1_76' title='bbox 929 2413 1038 2482; x_wconf 89' lang='lat' dir='ltr'><strong>minus</strong></span> <span class='ocrx_word' id='word_1_77' title='bbox 1059 2441 1149 2483; x_wconf 94' lang='lat' dir='ltr'><strong>mon·</strong></span> 
     </span>
     <span class='ocr_line' id='line_1_15' title="bbox 89 2516 1151 2613; baseline -0.001 -24"><span class='ocrx_word' id='word_1_78' title='bbox 89 2520 207 2590; x_wconf 85' lang='lat' dir='ltr'><strong>strifica</strong></span> <span class='ocrx_word' id='word_1_79' title='bbox 223 2519 372 2613; x_wconf 83' lang='lat' dir='ltr'><strong>quaedam</strong></span> <span class='ocrx_word' id='word_1_80' title='bbox 389 2516 579 2586; x_wconf 84' lang='lat' dir='ltr'><strong>tradidisse:</strong></span> <span class='ocrx_word' id='word_1_81' title='bbox 596 2516 805 2611; x_wconf 84' lang='lat' dir='ltr'><strong>praevalidam</strong></span> <span class='ocrx_word' id='word_1_82' title='bbox 825 2517 910 2587; x_wconf 85' lang='lat' dir='ltr'><strong>lrnnc</strong></span> <span class='ocrx_word' id='word_1_83' title='bbox 926 2519 1058 2606; x_wconf 89' lang='lat' dir='ltr'><strong>urbem,</strong></span> <span class='ocrx_word' id='word_1_84' title='bbox 1078 2536 1151 2588; x_wconf 64' lang='lat' dir='ltr'><strong>mal</strong></span> 
     </span>
     <span class='ocr_line' id='line_1_16' title="bbox 86 2623 1147 2720; baseline 0.001 -25"><span class='ocrx_word' id='word_1_85' title='bbox 86 2631 254 2720; x_wconf 88' lang='lat' dir='ltr'><strong>joremque</strong></span> <span class='ocrx_word' id='word_1_86' title='bbox 278 2624 479 2717; x_wconf 83' lang='lat' dir='ltr'><strong>Cartbagine</strong></span> <span class='ocrx_word' id='word_1_87' title='bbox 499 2647 640 2717; x_wconf 80' lang='lat' dir='ltr'><strong>magna,</strong></span> <span class='ocrx_word' id='word_1_88' title='bbox 651 2676 658 2691; x_wconf 89' lang='lat'><strong>.</strong></span> <span class='ocrx_word' id='word_1_89' title='bbox 671 2676 678 2691; x_wconf 93' lang='lat'><strong>.</strong></span> <span class='ocrx_word' id='word_1_90' title='bbox 693 2675 719 2690; x_wconf 88' lang='lat'><strong>..</strong></span> <span class='ocrx_word' id='word_1_91' title='bbox 739 2647 876 2717; x_wconf 79' lang='lat' dir='ltr'><strong>quaeque</strong></span> <span class='ocrx_word' id='word_1_92' title='bbox 897 2623 960 2692; x_wconf 84' lang='lat' dir='ltr'><strong>alia</strong></span> <span class='ocrx_word' id='word_1_93' title='bbox 974 2626 1147 2696; x_wconf 88' lang='lat' dir='ltr'><strong>Cornelius</strong></span> 
     </span>
     <span class='ocr_line' id='line_1_17' title="bbox 90 2727 572 2827; baseline -0.015 -24"><span class='ocrx_word' id='word_1_94' title='bbox 90 2737 199 2827; x_wconf 89' lang='lat' dir='ltr'><strong>Nepos</strong></span> <span class='ocrx_word' id='word_1_95' title='bbox 221 2731 405 2800; x_wconf 82' lang='lat' dir='ltr'><strong>avidissime</strong></span> <span class='ocrx_word' id='word_1_96' title='bbox 427 2727 572 2798; x_wconf 89' lang='lat' dir='ltr'><strong>credidit.</strong></span> 
     </span>
    </p>
   </div>
   <div class='ocr_carea' id='block_1_10' title="bbox 116 2953 1118 3023">
    <p class='ocr_par' dir='ltr' id='par_1_10' title="bbox 116 2953 1118 3023">
     <span class='ocr_line' id='line_1_18' title="bbox 116 2953 1118 3023; baseline -0.004 -20"><span class='ocrx_word' id='word_1_97' title='bbox 116 2958 228 3023; x_wconf 78' lang='lat' dir='ltr'><strong>tonat,</strong></span> <span class='ocrx_word' id='word_1_98' title='bbox 254 2957 319 3002; x_wconf 80' lang='lat' dir='ltr'><strong>un.</strong></span> <span class='ocrx_word' id='word_1_99' title='bbox 343 2956 399 3017; x_wconf 83' lang='lat' dir='ltr'><strong>lx,</strong></span> <span class='ocrx_word' id='word_1_100' title='bbox 422 2955 497 3001; x_wconf 71' lang='lat' dir='ltr'><strong>cer.</strong></span> <span class='ocrx_word' id='word_1_101' title='bbox 524 2954 660 3017; x_wconf 83' lang='lat' dir='ltr'>xxx1x3</span> <span class='ocrx_word' id='word_1_102' title='bbox 684 2955 727 2999; x_wconf 78' lang='grc' dir='ltr'><strong>ΕΤ</strong></span> <span class='ocrx_word' id='word_1_103' title='bbox 753 2954 819 2999; x_wconf 79' lang='lat' dir='ltr'><strong>Lm.</strong></span> <span class='ocrx_word' id='word_1_104' title='bbox 840 2956 886 3017; x_wconf 84' lang='lat' dir='ltr'><strong>x,</strong></span> <span class='ocrx_word' id='word_1_105' title='bbox 914 2953 989 3000; x_wconf 73' lang='lat' dir='ltr'><strong>cnr.</strong></span> <span class='ocrx_word' id='word_1_106' title='bbox 1017 2954 1118 3001; x_wconf 81' lang='lat' dir='ltr'><strong>xxm.</strong></span> 
     </span>
    </p>
   </div>
   <div class='ocr_carea' id='block_1_11' title="bbox 141 3102 1086 3201">
    <p class='ocr_par' dir='ltr' id='par_1_11' title="bbox 141 3102 1086 3201">
     <span class='ocr_line' id='line_1_19' title="bbox 141 3102 1086 3201; baseline -0.002 -24"><span class='ocrx_word' id='word_1_107' title='bbox 141 3110 253 3201; x_wconf 88' lang='lat' dir='ltr'><strong>Nepos</strong></span> <span class='ocrx_word' id='word_1_108' title='bbox 270 3102 461 3190; x_wconf 83' lang='lat' dir='ltr'><strong>Cornelius,</strong></span> <span class='ocrx_word' id='word_1_109' title='bbox 475 3105 532 3197; x_wconf 90' lang='lat' dir='ltr'><strong>qui</strong></span> <span class='ocrx_word' id='word_1_110' title='bbox 552 3103 619 3170; x_wconf 89' lang='lat' dir='ltr'><strong>divi</strong></span> <span class='ocrx_word' id='word_1_111' title='bbox 632 3103 772 3196; x_wconf 84' lang='lat' dir='ltr'><strong>Augusti</strong></span> <span class='ocrx_word' id='word_1_112' title='bbox 789 3103 976 3196; x_wconf 86' lang='lat' dir='ltr'><strong>principatu</strong></span> <span class='ocrx_word' id='word_1_113' title='bbox 995 3104 1086 3175; x_wconf 76' lang='lat' dir='ltr'><strong>obiit</strong></span> 
     </span>
    </p>
   </div>
   <div class='ocr_carea' id='block_1_12' title="bbox 387 3316 842 3401">
    <p class='ocr_par' dir='ltr' id='par_1_12' title="bbox 387 3316 842 3401">
     <span class='ocr_line' id='line_1_20' title="bbox 387 3316 842 3401; baseline -0.007 -16"><span class='ocrx_word' id='word_1_114' title='bbox 387 3317 601 3386; x_wconf 72' lang='lat' dir='ltr'><strong>rutulos</strong></span> <span class='ocrx_word' id='word_1_115' title='bbox 627 3316 842 3401; x_wconf 77' lang='lat' dir='ltr'><strong>remon,</strong></span> 
     </span>
    </p>
   </div>
   <div class='ocr_carea' id='block_1_13' title="bbox 351 3507 880 3573">
    <p class='ocr_par' dir='ltr' id='par_1_13' title="bbox 351 3507 880 3573">
     <span class='ocr_line' id='line_1_21' title="bbox 351 3507 880 3573; baseline -0.009 -17"><span class='ocrx_word' id='word_1_116' title='bbox 351 3511 428 3556; x_wconf 86' lang='lat' dir='ltr'>LIB.</span> <span class='ocrx_word' id='word_1_117' title='bbox 459 3510 516 3573; x_wconf 81' lang='lat' dir='ltr'><strong>tv,</strong></span> <span class='ocrx_word' id='word_1_118' title='bbox 552 3507 684 3554; x_wconf 86' lang='lat' dir='ltr'>EPIST.</span> <span class='ocrx_word' id='word_1_119' title='bbox 720 3507 880 3552; x_wconf 78' lang='lat' dir='ltr'><strong>xxvltl.</strong></span> 
     </span>
    </p>
   </div>
   <div class='ocr_carea' id='block_1_14' title="bbox 88 3665 1148 4183">
    <p class='ocr_par' dir='ltr' id='par_1_14' title="bbox 88 3665 1148 4082">
     <span class='ocr_line' id='line_1_22' title="bbox 140 3665 1148 3761; baseline -0.014 -15"><span class='ocrx_word' id='word_1_120' title='bbox 140 3674 326 3745; x_wconf 87' lang='lat' dir='ltr'><strong>Herennius</strong></span> <span class='ocrx_word' id='word_1_121' title='bbox 355 3673 515 3755; x_wconf 86' lang='lat' dir='ltr'><strong>Severus,</strong></span> <span class='ocrx_word' id='word_1_122' title='bbox 542 3669 593 3735; x_wconf 83' lang='lat' dir='ltr'><strong>vir</strong></span> <span class='ocrx_word' id='word_1_123' title='bbox 620 3667 846 3753; x_wconf 88' lang='lat' dir='ltr'><strong>doctissimus,</strong></span> <span class='ocrx_word' id='word_1_124' title='bbox 869 3666 979 3761; x_wconf 81' lang='lat' dir='ltr'><strong>magni</strong></span> <span class='ocrx_word' id='word_1_125' title='bbox 1008 3665 1148 3734; x_wconf 66' lang='lat' dir='ltr'><strong>aestimat</strong></span> 
     </span>
     <span class='ocr_line' id='line_1_23' title="bbox 90 3775 1146 3870; baseline -0.013 -18"><span class='ocrx_word' id='word_1_126' title='bbox 90 3787 122 3851; x_wconf 89' lang='lat' dir='ltr'><strong>in</strong></span> <span class='ocrx_word' id='word_1_127' title='bbox 145 3781 345 3851; x_wconf 86' lang='lat' dir='ltr'><strong>bibliotheca</strong></span> <span class='ocrx_word' id='word_1_128' title='bbox 365 3801 422 3845; x_wconf 83' lang='lat' dir='ltr'><strong>sua</strong></span> <span class='ocrx_word' id='word_1_129' title='bbox 444 3799 567 3870; x_wconf 90' lang='lat' dir='ltr'><strong>ponere</strong></span> <span class='ocrx_word' id='word_1_130' title='bbox 590 3775 746 3868; x_wconf 85' lang='lat' dir='ltr'><strong>imagines</strong></span> <span class='ocrx_word' id='word_1_131' title='bbox 768 3775 972 3866; x_wconf 87' lang='lat' dir='ltr'><strong>municipum</strong></span> <span class='ocrx_word' id='word_1_132' title='bbox 993 3786 1146 3859; x_wconf 84' lang='lat' dir='ltr'><strong>tuorum,</strong></span> 
     </span>
     <span class='ocr_line' id='line_1_24' title="bbox 89 3879 1148 3979; baseline -0.012 -20"><span class='ocrx_word' id='word_1_133' title='bbox 89 3887 231 3959; x_wconf 87' lang='lat' dir='ltr'><strong>Cornelii</strong></span> <span class='ocrx_word' id='word_1_134' title='bbox 253 3885 392 3979; x_wconf 88' lang='lat' dir='ltr'><strong>Nepotis</strong></span> <span class='ocrx_word' id='word_1_135' title='bbox 411 3897 445 3951; x_wconf 89' lang='lat' dir='ltr'><strong>et</strong></span> <span class='ocrx_word' id='word_1_136' title='bbox 462 3883 527 3950; x_wconf 91' lang='lat' dir='ltr'><strong>Titi</strong></span> <span class='ocrx_word' id='word_1_137' title='bbox 540 3882 643 3951; x_wconf 85' lang='lat' dir='ltr'><strong>Cassii</strong></span> <span class='ocrx_word' id='word_1_138' title='bbox 659 3906 669 3967; x_wconf 92' lang='lat'>;</span> <span class='ocrx_word' id='word_1_139' title='bbox 685 3882 848 3975; x_wconf 86' lang='lat' dir='ltr'><strong>petitque,</strong></span> <span class='ocrx_word' id='word_1_140' title='bbox 867 3880 893 3947; x_wconf 90' lang='lat' dir='ltr'><strong>si</strong></span> <span class='ocrx_word' id='word_1_141' title='bbox 911 3881 976 3947; x_wconf 90' lang='lat' dir='ltr'><strong>sint</strong></span> <span class='ocrx_word' id='word_1_142' title='bbox 996 3879 1087 3964; x_wconf 83' lang='lat' dir='ltr'><strong>istic,</strong></span> <span class='ocrx_word' id='word_1_143' title='bbox 1110 3892 1148 3946; x_wconf 94' lang='lat' dir='ltr'><strong>ut</strong></span> 
     </span>
     <span class='ocr_line' id='line_1_25' title="bbox 88 3981 1145 4082; baseline -0.013 -18"><span class='ocrx_word' id='word_1_144' title='bbox 88 4023 155 4064; x_wconf 89' lang='lat' dir='ltr'><strong>esse</strong></span> <span class='ocrx_word' id='word_1_145' title='bbox 179 3991 335 4064; x_wconf 92' lang='lat' dir='ltr'><strong>credibile</strong></span> <span class='ocrx_word' id='word_1_146' title='bbox 366 4004 432 4076; x_wconf 80' lang='lat' dir='ltr'><strong>est,</strong></span> <span class='ocrx_word' id='word_1_147' title='bbox 458 3987 687 4058; x_wconf 83' lang='lat' dir='ltr'><strong>exscribendas</strong></span> <span class='ocrx_word' id='word_1_148' title='bbox 715 3986 962 4082; x_wconf 84' lang='lat' dir='ltr'><strong>pingendasque</strong></span> <span class='ocrx_word' id='word_1_149' title='bbox 987 3981 1145 4078; x_wconf 85' lang='lat' dir='ltr'><strong>delegem.</strong></span> 
     </span>
    </p>

    <p class='ocr_par' dir='ltr' id='par_1_15' title="bbox 885 4114 936 4183">
     <span class='ocr_line' id='line_1_26' title="bbox 885 4114 936 4183; baseline -0.02 -43"><span class='ocrx_word' id='word_1_150' title='bbox 885 4119 913 4183; x_wconf 76' lang='lat' dir='ltr'>C</span> <span class='ocrx_word' id='word_1_151' title='bbox 927 4114 936 4139; x_wconf 59' lang='grc' dir='ltr'><strong>ι</strong></span> 
     </span>
    </p>
   </div>
   <div class='ocr_carea' id='block_1_15' title="bbox 0 0 1328 4824">
    <p class='ocr_par' dir='ltr' id='par_1_16' title="bbox 0 0 1328 4824">
     <span class='ocr_line' id='line_1_27' title="bbox 0 0 1328 4824; baseline 0 2"><span class='ocrx_word' id='word_1_152' title='bbox 0 0 1328 4824; x_wconf 95' lang='lat' dir='ltr'><strong> </strong></span> 
     </span>
    </p>
   </div>
  </div>
 </body>
</html>
