2648 4824
128 386 269 432 xxxviii
488 360 825 428 TESTIMONIA

356 567 397 631 D.
426 564 645 631 MAGNUS
672 565 965 650 AUSONIUS,

132 757 293 801 clauum
316 756 364 800 no
388 753 553 800 Lnrluuru
579 755 750 800 PAGATUM
772 755 985 800 narrantum
1009 754 1191 800 urrunnu·

508 860 617 906 uaris
644 861 811 906 rnnrlxo.
908 838 916 850 ’

307 1011 373 1073 Cui⁴
384 1009 473 1074 dono
488 1009 632 1098 lepidum
652 1033 776 1074 novum
791 1009 965 1073 libellum?

305 1117 500 1181 Veronensis
518 1117 562 1179 ait
578 1132 674 1204 poeta
691 1115 872 1203 quondam,

306 1224 511 1308 inventoque
529 1220 619 1284 dedit
637 1222 745 1285 statim
764 1223 893 1309 Nepoti.

309 1329 348 1391 At
364 1335 423 1391 n'os
433 1326 627 1414 illepidum,
647 1325 762 1389 rudem
779 1325 939 1408 libellum,

305 1437 440 1516 BurraS,
458 1433 648 1535 quisquilias
661 1434 862 1520 ineptiasque

309 1537 486 1618 Credamus
503 1537 626 1626 'grentio
644 1538 697 1600 cui
713 1536 914 1600 fovendum?

309 1645 423 1707 Inveni
439 1643 596 1731 (trepidae
613 1644 703 1729 silete
723 1642 840 1732 nugae)

307 1750 376 1813 Nee
394 1750 528 1813 doctum
546 1751 678 1836 minus,¹
690 1766 722 1814 et
740 1751 841 1839 magis
859 1751 1055 1839 benignum,

310 1857 418 1952 Quam
435 1878 533 1943 quem
552 1855 653 1920 Gallia
669 1856 808 1944 praebuit
826 1844 977 1920 Catullost

212 2093 323 2156 IDEM,
345 2093 513 2138 EPISTOLA
540 2094 602 2138 XVI
630 2093 677 2138 AD
702 2093 849 2151 PROBUM
872 2095 979 2141 PRAEF·
1006 2095 1113 2141 PRAET.

185 2252 354 2347 Apologos
379 2255 524 2340 Titiani,
555 2267 588 2321 et
614 2255 755 2347 Nepotis
775 2253 958 2340 chronica,
989 2256 1083 2346 quasi
1114 2241 1194 2322 alios

134 2358 291 2453 apologos
307 2353 408 2446 (nam
428 2375 460 2428 et
475 2361 546 2453 ipsa
560 2361 661 2426 instar
684 2375 761 2427 sunt
781 2351 1006 2448 fabularum),
1024 2360 1066 2428 ad
1083 2359 1196 2428 nobili-

132 2479 235 2533 tatem
258 2481 348 2533 tuam
368 2467 458 2552 misi,
478 2464 623 2559 gaudens
637 2480 735 2558 atque
753 2465 1028 2558 etiam-glorians,
1044 2465 1114 2534 fore
1133 2465 1194 2532 ali-

132 2571 227 2664 quid,
239 2572 328 2664 quod
342 2572 384 2639 ad
399 2573 635 2640 institutionem
647 2587 781 2640 tuorum
792 2570 973 2640 sedulitatis
988 2597 1068 2640 meae
1085 2571 1194 2641 studio

134 2677 332 2746 conferatur.
416 2683 419 2690 '

162 2890 374 2957 JUDICIA
402 2889 787 2958 RECENTIORUM
813 2890 1159 2957 SCRIPTORUNI.

440 3088 645 3136 ONUPHRIUS
679 3090 893 3152 PANVINIUS,

135 3269 306 3360 Catalogo
324 3268 502 3335 illustrium
523 3272 636 3362 script.
657 3273 920 3351 Veroueuu'um,
946 3271 1018 3336 l.v1
1040 3272 1193 3362 antiquit.

180 3461 462 3531 -Constantissimo
488 3461 628 3528 civ-itatis
652 3475 773 3530 nestrae
800 3464 988 3531 testimonio
1010 3486 1039 3530 c.
1065 3484 1195 3531 conuu-

132 3592 223 3641 niuu
243 3591 426 3654 urrornu,
442 3569 553 3636 virum
571 3567 811 3654 doctissimum,
825 3583 865 3636 et
880 3570 1109 3662 antiquitatum
1125 3594 1196 3637 om-

131 3675 497 3769 nium-peritissimum,
518 3677 745 3744 Veronensem
769 3675 890 3762 fuisse,
907 3675 1067 3760 traditur,
1089 3676 1142 3742 cui
1163 3677 1197 3742 in

133 3807 262 3852 summa
277 3783 370 3852 ouria
390 3808 466 3851 cum
482 3780 614 3875 reliquis
632 3781 881 3851 Veronensibus
899 3780 1079 3850 illustribus
1098 3782 1196 3849 etiarn

133 3904 240 3959 statua
272 3891 377 3985 posita
401 3904 450 3958 est
476 3914 517 3957 ex
549 3889 681 3984 publiea
712 3889 917 3955 auctoritate.
939 3891 1028 3956 Eum
1057 3887 1198 3973 Plinius,

133 3995 187 4066 lib.
211 4000 263 4066 ΙΙΙ
287 4001 328 4066 Η.
348 3999 389 4070 N.
408 4021 479 4092 cap.
508 3997 573 4084 18,
589 3996 669 4066 Padi
686 3993 831 4064 accolam
851 4009 966 4082 vocat,
989 4008 1023 4064 et
1042 3993 1118 4064 alibi
1137 4019 1198 4094 saeff
1224 4024 1226 4027 ·
