2648 4824
304 386 372 456 DE
398 385 683 455 CORNELIO
709 386 930 455 NEPOTE.
1071 412 1144 457 xxv

82 514 303 613 disciplinam,
322 521 448 587 Fronto
469 517 512 587 ad
529 542 707 612 pompam,
728 518 846 586 Cicero
865 517 907 585 ad
925 512 1143 610 eloquentiam

82 624 317 716 capessendam
339 627 413 694 usui
431 627 504 693 sint
531 653 548 689 o

135 728 208 799 Alia
225 731 293 799 duo
311 731 532 825 fragmentae
556 732 625 798 MS.
646 671 855 798 Bibliothecae
877 729 1144 823 Guelferbytanae

84 832 186 903 edidit
204 836 254 906 Cl.
277 839 517 932 Heusingerus,
532 837 702 932 Gymnasii
724 835 832 906 Guelf.
854 837 992 922 Rector,
1012 835 1053 904 ad
1073 835 1142 905 cal·

83 964 155 1008 cem
175 942 341 1012 Theodori
363 942 404 1011 de
422 944 554 1029 Metris,
576 957 609 1010 et
629 943 750 1035 Nepoti
769 941 956 1010 vindicavit.
980 943 1029 1010 Ea
1050 967 1128 1035 repe

82 1047 127 1113 rit
143 1048 177 1114 in
200 1050 336 1143 antiquo
355 1049 439 1119 Cod.
458 1051 655 1117 Orationum
674 1047 929 1142 Philippicarum
951 1049 1143 1137 Ciceronis,

82 1153 117 1218 in
140 1153 233 1246 cujus
254 1156 501 1250 primapagina
527 1157 686 1248 scriptum
715 1168 764 1222 est
787 1155 894 1248 primo
916 1150 1057 1246 elogium
1077 1151 1144 1223 elo·

83 1261 224 1350 quentiae
246 1262 417 1331 Ciceronis
432 1277 450 1329 e'
465 1262 657 1346 Lactantio,
669 1261 863 1328 nominatim
878 1261 1063 1328 orationum
1072 1259 1146 1327 Phi·

84 1361 279 1457 lippicarum
290 1392 300 1453 ;
312 1369 407 1460 eique
422 1366 606 1459 subjectum
620 1365 707 1433 aliud
721 1389 797 1433 cum
812 1364 877 1434 hoc
888 1362 1003 1434 titulo:
1023 1367 1144 1435 Corne·

84 1469 149 1536 ltias
166 1473 287 1567 Nepos
304 1478 339 1540 in
358 1472 443 1540 libro
457 1471 501 1540 de
515 1473 683 1540 testor-tos
705 1474 846 1539 Latinis.
870 1474 944 1539 Non
965 1470 1144 1539 abhorrere

83 1573 155 1645 liaec
178 1576 363 1672 fragmenta
391 1601 410 1645 a
433 1580 587 1671 Nepotis,
613 1592 670 1645 aut
696 1575 796 1644 seculi
817 1577 908 1644 istius
933 1577 1144 1661 charactere,

84 1678 231 1774 disputat
247 1708 316 1752 non
331 1683 599 1778 improbabiliter.
616 1687 685 1752 Nec
703 1697 813 1751 tamen
825 1681 964 1750 audeam
980 1707 1041 1775 pro
1053 1696 1145 1750 certo

84 1783 207 1879 aliquid
227 1788 413 1858 decernere.

343 1989 481 2098 Scripta
500 2005 633 2098 Nepoti
631 2003 738 2093 salso
751 2001 886 2071 tributa.

137 2207 164 2276 Ι.
188 2194 291 2272 Liber
311 2205 355 2273 de
377 2209 470 2274 Viris
495 2203 695 2290 illustribus,
715 2206 873 2298 incipiens
897 2229 916 2272 a
941 2207 1047 2274 Proca
1066 2232 1144 2301 rege

87 2309 307 2398 Albanorum,
324 2335 393 2379 non
419 2325 469 2379 est
488 2312 645 2404 Nepotis,
664 2335 725 2379 nec
748 2311 842 2379 Plinii
864 2311 1015 2399 secundi,
1036 2337 1144 2406 neque

87 2415 205 2483 AEmilii
220 2416 337 2503 Probi,
358 2441 419 2485 nec
438 2418 602 2498 Suetonii,
629 2441 735 2509 neque
756 2418 887 2486 Asconii
909 2417 1059 2501 Pediani,
1080 2443 1142 2487 nec

87 2522 189 2590 Taciti
207 2520 364 2613 denique,
380 2521 437 2590 sed
451 2520 574 2589 Aurelii
590 2523 748 2609 Victoris,
762 2537 799 2590 ut
820 2525 854 2591 in
868 2527 1005 2592 Victore
1024 2523 1140 2592 dicam.

89 2626 210 2721 Saepius
231 2641 342 2696 tamen
365 2627 425 2695 sub
449 2629 586 2721 Nepotis
607 2629 740 2696 nomine
761 2643 810 2696 est
831 2629 953 2715 editus,
976 2643 1009 2697 ct
1034 2629 1141 2697 conli-

89 2730 273 2802 dentissime
298 2732 430 2825 quidem
456 2756 475 2800 a
501 2732 670 2830 Raphaele
696 2731 813 2828 Eglino
842 2736 979 2820 Iconio,
1009 2735 1142 2827 Tig'uri,

88 2861 172 2905 anno
197 2835 313 2925 1600,
327 2839 368 2923 8,
382 2839 448 2908 hoe
465 2837 561 2908 titulo
576 2865 583 2906 :
597 2867 614 2903 α
630 2839 773 2908 Cornelii
785 2842 923 2933 Nepotis
940 2839 981 2908 d'e
994 2841 1083 2907 Viris
1100 2838 1142 2906 il-

89 2940 241 3012 lustribus
261 2942 366 3031 liber,
391 2940 615 3014 additamento
637 2970 676 3013 ex
708 2947 803 3013 MSto
826 2960 967 3031 auctus3
1002 2945 1141 3013 antehac

88 3047 214 3117 AEmilio
224 3049 351 3136 Probo,
362 3065 437 3144 post
450 3052 606 3119 Suetonio
621 3049 829 3146 Tranquillo,
841 3051 1021 3119 diutissime
1031 3053 1070 3120 C.
1082 3050 1142 3119 Pli-

88 3155 140 3222 nio
162 3154 296 3224 Caecilio
319 3155 481 3243 secundo,
502 3181 608 3251 nuper
628 3159 699 3224 Sex.
728 3155 860 3224 Aurelio
882 3157 1032 3243 Victori,
1053 3183 1141 3225 nune

89 3257 210 3329 liberali
220 3285 319 3329 causa
332 3262 469 3332 Auctori
484 3277 634 3331 assertus.
650 3291 666 3326 »
685 3262 846 3355 Equidem
855 3264 1025 3331 Victorem
1040 3287 1058 3330 e
1072 3267 1140 3331 Ne·

89 3369 173 3457 potis
188 3391 289 3460 opere
310 3367 351 3435 de
362 3369 451 3436 Viris
469 3367 648 3436 illustribus
665 3367 768 3436 multa
787 3370 820 3436 in
839 3369 928 3437 hunc
942 3394 1038 3437 suum
1050 3367 1140 3436 libel·

89 3466 154 3539 lum
176 3471 358 3559 derivasse,
379 3471 518 3542 libenter
538 3475 618 3542 viris
630 3473 737 3542 doctis
751 3475 925 3559 assentiam
946 3474 1003 3542 sed
1024 3499 1140 3542 verum

89 3592 256 3647 auctorem
277 3604 318 3646 ex
339 3581 432 3648 MSS.
446 3580 597 3648 codicum
615 3579 680 3648 fide
691 3595 725 3648 et
742 3581 779 3647 A.
798 3580 925 3648 Schctti
940 3581 1141 3673 argumentis
1256 3579 1259 3587 “

89 3684 336 3753 existimandum
362 3709 431 3753 esse
457 3688 628 3755 Victorem
651 3684 741 3753 haud
763 3684 886 3754 dubito.
915 3687 984 3754 Sub
1006 3687 1141 3778 Nepotis

90 3792 216 3858 nomine
230 3790 354 3884 prodiit
370 3792 469 3859 etiam
485 3793 698 3880 Germanice,
712 3793 936 3885 Argentorati,
956 3787 1139 3875 1535,f01.

89 3915 149 3962 una
166 3921 242 3965 cum
258 3894 421 3966 Sallustio.

136 4002 179 4070 ΙΙ.
191 4005 328 4072 Daretis
341 4003 471 4099 Phrygii
486 4009 643 4075 Historia
659 3995 787 4074 excidii
806 4005 938 4094 Trqjae,
955 4026 1028 4095 quae
1045 4000 1142 4069 latine
