2670 4830
449 342 514 409 ET
540 341 771 409 JUDICIA.
1062 370 1148 417 mx

73 504 152 550 sum
172 476 290 546 habeo.
320 475 354 544 Si
375 474 448 566 quis
470 471 553 541 alius
575 471 729 558 Probus,
750 471 832 542 mihi
853 472 1008 567 ignotus,
1030 494 1148 550 auctor

73 587 177 655 fuisse
197 583 325 651 dicatur
339 608 350 666 ς
364 603 499 666 vereor,
511 602 555 648 ne
568 602 738 672 nunquam
753 579 788 645 in
801 592 922 648 natura
940 605 1053 652 rerum
1073 584 1147 654 fue·

75 693 145 778 rit,
163 688 224 759 scd
243 688 333 775 inani
354 686 554 781 cogitatione
572 684 732 753 duntaxat
753 683 903 778 depictus
921 687 963 755 sit
980 702 1080 782 atque
1094 692 1148 759 in-

76 797 253 866 formatus.
269 796 437 862 Jamvero
456 792 630 863 Cornelius
647 793 767 886 Nepos
785 792 833 859 M.
850 791 948 861 Tullii
962 794 1149 887 Ciceronis,

75 917 109 972 et
129 905 167 970 T.
191 900 367 995 Pomponii
387 899 506 981 Attici,
528 900 591 967 Cn.
614 898 762 991 Pompeii
789 899 924 991 Magni,
943 914 977 968 et
1006 902 1043 969 C.
1070 902 1149 972 Julii

75 1009 221 1077 Caesaris
239 1004 482 1101 propemodum
504 1004 567 1073 fuit
590 1002 743 1098 aequalis,
766 1019 823 1072 aut
842 1019 930 1074 certe
952 1005 1052 1100 paulo
1069 1023 1150 1103 natu

74 1117 205 1201 minor3
224 1113 441 1207 pervenitque
462 1110 504 1179 ad
523 1111 663 1181 Caesaris
681 1111 843 1204 Augusti,
873 1111 941 1179 divi
966 1111 1044 1181 Julii
1072 1114 1149 1207 lilii,

75 1234 249 1314 tempora,
259 1233 298 1287 ut
312 1231 452 1287 testatur
467 1216 610 1304 Plinius,
624 1216 678 1284 lib.
693 1220 761 1304 IX,
777 1240 847 1310 cap.
869 1213 918 1311 39
928 1270 937 1305 ,
947 1218 998 1288 his
1014 1220 1123 1291 verbis
1138 1248 1146 1291 ε

78 1354 97 1391 α
120 1328 238 1419 Nepos
257 1322 454 1412 Cornelius,
475 1324 531 1417 qui
552 1323 621 1390 divi
639 1324 779 1417 Augusti
798 1325 986 1417 principatu
1008 1326 1098 1395 obiit.
1126 1358 1145 1395 u

75 1434 129 1503 Ne
147 1433 222 1526 quis
240 1444 351 1499 autem
367 1430 479 1499 statim
495 1428 590 1498 nobis
603 1442 777 1514 occurrat,
789 1443 887 1522 atque
902 1431 948 1497 ita
959 1431 1066 1519 dicat,
1078 1435 1149 1503 Cur

75 1539 180 1632 igitur
198 1561 361 1630 nusquam
381 1559 458 1604 eum
484 1550 725 1605 commemorat
749 1536 796 1603 M.
816 1533 969 1603 Tullius?
993 1538 1148 1608 Comme·

76 1658 188 1712 morat
201 1666 281 1712 vero
296 1644 331 1712 in
346 1640 492 1736 epistolis
506 1641 548 1709 ad
562 1643 709 1710 Atticum
726 1641 871 1735 quodam
887 1640 980 1729 loco,
995 1658 1047 1731 et,
1059 1646 1149 1738 quod

76 1748 178 1843 longe
207 1748 340 1842 majoris
369 1747 526 1843 ponderis
555 1763 634 1834 est,
658 1746 761 1817 libros
791 1747 875 1817 duos
904 1749 1147 1842 epistolarum,

76 1870 110 1924 et
132 1855 272 1923 fortasse
292 1853 403 1948 plures
425 1853 563 1922 adeum
584 1855 730 1948 scripsit,
750 1869 788 1922 ut
808 1878 849 1922 ex
867 1855 1060 1940 Macrobio,
1086 1856 1143 1926 lib.

74 1963 110 2029 Π
130 1957 315 2047 saturnal,
341 1983 543 2054 cognoscere
564 1957 664 2047 licet,
692 1959 785 2051 cujus
814 1959 885 2028 haec
909 1961 1011 2029 verba
1038 1978 1144 2032 sunt:

79 2066 222 2135 «Testis
242 2065 329 2135 idem
348 2067 486 2152 Cicero,
507 2067 564 2159 qui
584 2067 619 2134 in
637 2063 692 2133 lib.
719 2064 933 2159 epistolarum
955 2067 997 2135 ad
1018 2070 1144 2138 Corne·

74 2171 157 2242 lium
178 2173 344 2266 Nepotem
366 2172 512 2242 secundo
533 2173 580 2241 sic
599 2171 666 2240 ait:
681 2175 798 2265 Itaque
815 2172 935 2259 nostri,
951 2198 1054 2266 quum
1073 2201 1144 2245 om·

73 2281 145 2367 nia,
167 2302 241 2372 quae
262 2278 474 2367 dixissemus,
494 2278 583 2346 dicta
602 2294 728 2364 essent,
746 2303 819 2371 quae
839 2277 960 2365 facete,
979 2293 1013 2346 et
1029 2280 1144 2351 brevi·

73 2400 144 2472 ter,
161 2399 195 2453 et
209 2398 305 2454 acute
330 2383 433 2453 locuti
451 2409 595 2454 essemus
605 2437 614 2471 ,
626 2408 666 2452 ca
684 2385 821 2478 proprio
835 2385 968 2452 nomine
984 2386 1144 2481 appellari

73 2491 165 2560 dicta
181 2488 369 2559 voluerunt.
393 2520 410 2555 r
433 2490 563 2559 Profert
582 2505 615 2559 et
632 2492 835 2577 Priscianus,
857 2487 911 2559 lib.
931 2493 1034 2579 VIII,
1061 2493 1144 2563 illud

72 2621 116 2666 ex
130 2598 226 2690 epist.
249 2597 417 2665 Ciceronis
438 2596 481 2664 ad
498 2599 663 2691 Nepotem
685 2623 693 2664 :
717 2626 735 2661 «
750 2601 824 2665 Hoc
842 2597 1007 2666 restiterat
1024 2601 1141 2688 etiam,

73 2716 113 2770 ut
127 2718 195 2771 ate
209 2702 295 2771 lictis
308 2702 507 2796 aggrederer
519 2703 623 2770 donis.
635 2732 652 2767 n
667 2703 887 2798 Aggrederer
899 2705 1027 2795 passive
1043 2704 1141 2793 dixit,

72 2809 182 2902 inquit
201 2809 395 2877 Priscianus.
417 2812 462 2877 Et
485 2807 566 2877 illud
584 2809 731 2901 ejusdem
754 2810 796 2877 ad
822 2808 1003 2878 eumdem:
1034 2838 1051 2873 u
1069 2811 1139 2898 Qui

72 2914 193 3001 habet,
207 2912 296 2983 ultro
314 2915 497 3008 appetitum
511 2916 568 3008 qui
585 2930 634 2984 est
653 2941 796 3010 pauper,
811 2928 1043 3008 aspernatur.»
1062 2917 1138 2985 Fuit

71 3034 187 3089 autem
208 3019 289 3087 Padi
310 3018 440 3105 accola,
461 3035 499 3090 ut
520 3021 607 3091 idem
629 3020 710 3090 Plin.
730 3035 885 3108 testatur,
900 3019 956 3088 lib.
976 3023 1048 3107 III,
1063 3046 1135 3116 cap.

77 3127 136 3195 18.
161 3128 212 3193 Ex
235 3151 302 3220 quo
323 3128 489 3196 'Ausonius
509 3153 584 3196 eum
607 3129 640 3195 in
667 3126 774 3196 Gallia
800 3127 878 3196 lacit
899 3151 968 3195 esse
996 3142 1136 3214 natum,

72 3229 213 3325 epistola
241 3231 283 3301 ad
311 3234 518 3327 Drepanium
545 3233 671 3321 filium,
698 3258 771 3327 quae
795 3249 846 3302 est
867 3233 982 3302 ordine
1000 3236 1136 3321 XXIV,

71 3337 127 3406 his
144 3336 272 3426 verbis,
289 3363 363 3432 quae
381 3364 421 3408 eo
440 3338 594 3409 libentius
615 3339 816 3427 adscribam,
830 3339 921 3434 quod
938 3364 1050 3408 versus
1068 3364 1135 3407 non

71 3444 153 3512 satis
167 3457 245 3512 sunt
264 3443 449 3531 emendati,
462 3447 561 3514 etiam
579 3447 614 3512 in
635 3445 776 3514 editione
795 3446 1027 3539 Christophori
1045 3444 1137 3513 Plan·

71 3550 151 3635 tini,
170 3548 291 3642 alioqui
312 3552 510 3644 typographi
529 3549 713 3644 diligentis3
728 3577 833 3646 neque
853 3567 962 3620 tamen
988 3551 1136 3642 spondeo

71 3678 128 3721 me
142 3654 204 3722 tihi
218 3655 323 3724 multo
339 3657 579 3726 emendatiores
600 3658 819 3727 traditurum:
840 3688 855 3720 «
870 3659 933 3724 Cui
948 3655 1036 3723 dono
1055 3655 1134 3748 lepi-

43 3749 46 3753 ’
71 3758 156 3827 dum
178 3784 302 3830 novum
332 3759 500 3831 libellum?
520 3766 720 3834 Veronensis
746 3768 913 3854 aitpoeta
940 3760 1135 3855 quondam,

72 3867 281 3960 Inventoquc
298 3867 389 3937 dedit
401 3872 512 3938 statim
526 3872 657 3965 Nepoti.
682 3874 725 3940 At
739 3893 799 3936 nos
816 3865 1002 3961 illepidum,
1021 3866 1137 3935 rudem

72 3966 239 4061 libellum,
256 3978 398 4066 Burras,
413 3976 619 4071 quisquilias,
641 3977 843 4070 ineptiasque
862 3973 1047 4044 'Credamus
1063 3996 1138 4068 gre-

897 4107 930 4175 D
