2648 4824
138 395 198 444 uvr
501 368 836 438 TESTIMONIA

134 500 273 575 ridicula
291 500 465 596 leguntur,
483 502 574 594 quis,
588 501 649 569 nisi
668 524 778 569 crasso
796 514 830 567 et
851 497 966 595 pingui
978 499 1101 594 judicio
1115 526 1202 597 prae-

134 611 241 695 ditus,
259 609 301 676 ab
321 606 563 702 elegantissimo
581 609 712 700 Nepote
732 621 800 674 tam
820 605 985 674 incondite
1007 631 1203 679 conversam

135 715 274 786 credat?
302 715 395 803 Quin
416 727 449 781 et
470 714 504 780 in
526 714 603 807 ipsis
627 713 842 800 auctoribus,
868 736 1011 801 vereor,
1036 739 1079 782 ne
1101 715 1204 784 dubia

134 822 307 918 quaedam,
325 846 387 889 nec
405 844 425 886 a
441 819 573 913 Nepote
595 819 764 912 profecta,
789 833 966 887 occurrant
987 845 994 886 :
1017 834 1056 887 ut
1073 845 1146 913 quae
1168 823 1203 890 in

136 931 307 1000 Ciceronis
325 927 478 1022 epistolis
500 925 551 994 ad
566 927 721 995 Atticum
743 950 811 993 non
833 924 874 992 de
895 924 1051 994 Cornelio
1066 942 1203 1016 nostro,

133 1034 192 1103 sed
214 1033 351 1102 fortasse
368 1033 410 1101 de
428 1032 569 1100 Metello
591 1035 728 1126 Nepote
748 1030 853 1099 aliove
873 1029 938 1126 legi
959 1031 1150 1120 docuimus3
1169 1047 1205 1102 et

132 1139 224 1223 illam
248 1141 330 1210 mihi
353 1142 520 1233 ἐπιγραφὴν
548 1152 734 1232 suspectam
755 1136 858 1205 videri
875 1136 964 1231 apud
982 1138 1204 1226 Suetonium,

136 1245 230 1337 Quid
255 1245 406 1338 dffarat
430 1246 599 1314 litteratus
627 1243 674 1313 ab
702 1243 832 1313 erudito
843 1270 857 1329 ,·
880 1256 913 1310 et
939 1242 993 1311 illa
1014 1244 1203 1313 Jornandis

134 1352 273 1422 Gothici
295 1349 338 1421 de
356 1352 526 1419 Britannia
552 1352 700 1446 suspicor
729 1352 842 1419 Taciti
862 1349 971 1443 potius
991 1374 1081 1438 esse,
1100 1375 1202 1444 quarn

132 1461 296 1553 Nepotis,
317 1458 409 1526 exiis
427 1456 533 1544 libris,
553 1458 610 1551 qui
628 1471 661 1525 et
679 1457 741 1550 ipsi
755 1479 909 1550 magnam
930 1469 1058 1549 partem
1076 1455 1202 1525 damno

55 1546 61 1561 „
130 1563 265 1658 publico
291 1563 537 1632 interciderunt.
557 1564 640 1632 Ach.
667 1576 779 1630 tamen
800 1562 941 1648 Statius,
968 1576 1144 1630 comment.
1165 1564 1203 1630 in

131 1669 318 1753 Catullum,
336 1671 460 1762 Nepoti
480 1669 589 1752 dedit;
601 1671 680 1762 quin
697 1682 731 1735 et
751 1670 848 1738 Corn.
861 1667 1032 1736 Labeonis
1048 1667 1202 1761 quaedam

132 1775 221 1869 apud
253 1773 481 1861 Macrobium‚
502 1773 556 1842 lib.
579 1777 596 1842 Ι
616 1776 772 1861 Saturn,
797 1773 902 1841 eidem
926 1772 1108 1869 adscripsit.
1134 1773 1203 1842 Sed

131 1890 235 1948 ταῦτα
249 1881 321 1947 θεῶν
337 1883 365 1946 ἐν
387 1882 511 1973 γούνασι
533 1888 642 1947 κεῖται.
661 1881 733 1949 Nos
746 1879 788 1947 de
806 1880 844 1948 iis
863 1878 1039 1973 aIIquando
1059 1880 1095 1948 in
1108 1876 1203 1950 libris

133 1979 391 2080 ψευδεπιγραφίας
409 1983 514 2079 plura.

582 2093 751 2178 IDEM,

247 2275 313 2321 um.
338 2245 388 2320 m
418 2270 628 2320 onsunvsrr.
657 2272 914 2336 numerianus,
941 2272 1017 2320 cna.
1049 2247 1082 2319 3.

182 2426 251 2514 Qui
269 2423 400 2495 AEmili'o
416 2426 526 2495 Probo
541 2425 642 2520 vulgo
660 2425 818 2493 tribuitur
835 2425 876 2493 de
894 2424 992 2494 rebus
1012 2439 1046 2492 et
1057 2425 1125 2494 vita
1144 2452 1203 2496 ex-

131 2531 320 2604 cellentium
339 2533 442 2627 impp.
466 2532 601 2600 Graeciae
623 2529 754 2624 elegans
771 2529 914 2619 libellus,
926 2531 953 2599 is
974 2556 1049 2600 meo
1066 2531 1202 2626 quidem

130 2664 231 2710 sensu
253 2663 429 2733 germanus
455 2641 553 2709 Corn.
575 2640 723 2732 Nepotis
747 2636 789 2704 ad
810 2638 978 2727 Atticum,
1007 2638 1061 2707 cui
1081 2640 1202 2709 inscri-

129 2747 238 2835 bitur,
254 2760 369 2840 partus
384 2756 442 2813 est.

440 2922 577 2991 casa.
605 2920 892 3006 sanamus

172 3103 211 3150 IN
238 3083 547 3151 COMNIENTATIONE
575 3104 621 3148 DE
650 3102 729 3147 LAT.
758 3101 912 3166 LINGUA,
940 3102 983 3147 ET
1011 3101 1157 3149 LATINIS

486 3254 489 3259 ,
533 3206 795 3253 SCRIPTORIBUS.

182 3359 276 3428 Vitas
287 3358 463 3427 illustrium
479 3359 615 3426 Graeciae
629 3357 835 3453 principum,
850 3383 931 3452 quas
943 3358 1074 3428 AEmilio
1086 3360 1199 3430 Probo

129 3463 205 3553 alii,
225 3464 279 3532 alii
297 3467 398 3534 Corn.
421 3466 544 3558 Nepoti
566 3463 771 3551 adscribunt,
792 3464 895 3534 libens
913 3465 991 3533 huic
1010 3467 1097 3534 aetati
1118 3459 1199 3555 (se-

129 3570 252 3642 candae
277 3595 323 3640 sc.
349 3593 421 3664 qua
455 3573 593 3658 Cicero,
626 3573 745 3641 Caesctr
752 3620 774 3657 ,1
794 3574 925 3656 Livius,
956 3587 1017 3641 etc.
1046 3565 1201 3661 atsere)

128 3678 294 3747 tribuam:
311 3691 387 3745 sunt
405 3678 491 3744 enim
512 3678 588 3745 satis
607 3675 709 3744 nitide
727 3691 760 3744 et
775 3679 892 3746 Latine
911 3677 1114 3771 conscriptae.
1133 3676 1200 3746 Sed

128 3785 170 3854 de
194 3772 235 3854 iis
254 3782 353 3877 longa
373 3781 550 3875 disputatio
574 3797 633 3851 est.
647 3783 737 3852 -Vita
763 3785 878 3877 Pomp.
907 3785 1027 3869 Attici,
1052 3807 1072 3850 a
1093 3784 1196 3851 Corn.

128 3888 352 3985 Nepote'vere
373 3904 522 3977 exarata,
540 3888 693 3958 omnibus
713 3889 755 3958 ad
776 3888 868 3959 illum
888 3889 1057 3960 Ciceronis
1075 3889 1199 3982 episto·

129 3992 169 4065 lis
184 3996 312 4090 adjecta
333 4009 392 4066 est.
