2648 4824
493 361 562 427 nr
588 318 823 429 ionium.
1152 389 1196 436 ev

130 492 260 588 spuria,
278 504 312 560 et
335 487 492 559 Cornelio
521 489 665 584 indigna.
688 493 830 558 Daretis
852 492 940 559 enim
964 479 1107 588 Ptrygll
1127 499 1196 567 cir·
1276 572 1278 577 ⁴

131 596 317 670 cumlertur
334 597 378 667 de
395 594 483 665 bello
510 594 681 688 Trojano,
695 598 749 665 cui
767 597 953 668 interfuisse
972 599 1111 689 dicitur,
1128 603 1199 675 his-

131 707 235 792 toria,
254 701 723 799 quamRapl1.Volaterrunus
745 729 801 772 sex
819 706 1004 775 carminum
1023 707 1115 776 libris
1124 700 1198 804 (qui

131 826 263 880 etcum
283 813 384 904 Dicty
406 811 558 879 Cretensi
582 808 684 905 vulgo
705 805 887 904 leguntur)
908 815 1110 883 convertisse
1129 818 1197 886 Ne·

130 933 243 1012 potem
261 917 412 1004 tradidit3
423 917 542 1010 quibus
559 931 594 985 et
608 942 707 1011 prosu
728 919 877 986 oratione
891 925 1051 988 narraui)
1071 923 1202 992 exordri

134 1024 248 1116 Trojae
265 1024 495 1118 praemittitur,
508 1038 659 1117 quamet
671 1025 741 1118 ipse
754 1024 789 1092 in
803 1025 973 1094 veteribus
990 1024 1081 1096 libris
1098 1029 1198 1099 etiam

131 1130 189 1200 soli
220 1132 376 1201 Cornelio
404 1129 536 1218 cuidem
565 1131 757 1224 inscriptam
786 1131 862 1199 vidi.
891 1131 1000 1225 Stylus
1027 1157 1106 1202 sane
1130 1159 1199 1205 non

130 1252 178 1306 est
190 1261 301 1305 aureae
316 1235 401 1305 illius
415 1237 536 1323 aetatis,
549 1236 672 1305 nedum
689 1236 852 1325 Cornelii,
867 1238 961 1330 cujus
975 1237 1199 1334 eloquentiam

129 1343 268 1430 Tullius,
278 1345 508 1417 Romanorum
521 1342 767 1430 disertissimus,
781 1342 936 1428 laudarit,
946 1369 1052 1440 eoque
1064 1349 1198 1418 nomine

129 1451 335 1519 carissimum
352 1449 515 1519 habuerit.
530 1453 643 1518 Fuisse
660 1450 794 1544 quidem
809 1453 956 1520 Homero
978 1453 1199 1545 antiquiorem

130 1557 324 1650 scriptorem
350 1558 538 1642 Hermetem,
563 1556 682 1625 AEliani
703 1558 923 1644 auctoritate,
950 1570 984 1626 et
1008 1559 1051 1625 D.
1077 1559 1199 1629 Isidori
1318 1580 1323 1588 '

130 1687 194 1731 non
211 1662 339 1732 infitior
353 1691 363 1747 3
375 1663 433 1731 sed
454 1663 553 1731 hicne
574 1659 657 1730 liber
677 1661 732 1731 ille
751 1665 809 1750 sit,
825 1664 881 1757 qui
900 1662 942 1730 ad
957 1661 1075 1732 AEliani
1094 1689 1199 1758 usque

131 1783 257 1838 etatem
272 1768 420 1854 duravit,
429 1768 643 1837 vehementer
658 1768 781 1838 dubito.
803 1771 856 1838 Sic
872 1793 953 1838 vero
968 1767 1021 1837 ille
1031 1768 1130 1856 „libr
1144 1774 1196 1842 XI

130 1876 225 1944 sariae
244 1876 368 1944 Histor.
389 1877 450 1943 Τὸν
475 1875 581 1969 Φρύγα
603 1866 637 1942 δὲ
657 1875 800 1967 deipara,
818 1873 853 1942 οὗ
870 1875 1003 1970 Φρυγίαν
1022 1861 1134 1944 hnuto
1149 1879 1197 1945 ἑτι

131 1980 176 2046 καὶ
189 1991 239 2046 νῦν
259 1976 494 2072 ἀποσωζομένην
518 1972 610 2063 οἶδα,
629 1981 688 2069 πρὸ
708 1966 835 2072 Opalpou
856 1979 908 2047 καὶ
925 1992 1035 2049 τοῦτον
1058 1982 1198 2076 γενεσθαι

130 2087 255 2180 λέγουσι.
276 2085 432 2155 Sallustio
451 2085 485 2153 id
504 2093 591 2179 opus‘
605 2085 746 2153 nothum
769 2100 803 2153 et
820 2084 1029 2180 illegitimum
1047 2086 1198 2158 falsarius

132 2189 196 2278 ille,
215 2193 363 2285 quisquis
381 2193 408 2260 is
429 2206 493 2278 est,
508 2190 581 2286 lege
602 2189 778 2276 Cornelia,
791 2192 818 2258 si
839 2191 1124 2287 deprehendatur,
1136 2219 1197 2288 pu·

133 2298 286 2384 niendus,
304 2298 477 2392 inscripsit.
497 2297 607 2384 Quem
626 2295 758 2389 quidem
781 2297 956 2391 Crispum,
975 2300 1072 2367 Rom.
1094 2300 1197 2369 histo·

133 2403 181 2470 riae
201 2403 408 2496 principem,
429 2403 522 2471 initio
547 2403 657 2470 statim
681 2404 804 2470 rustice
828 2418 862 2471 et
889 2406 1000 2498 inepte
1028 2405 1194 2499 appellat:

137 2511 245 2597 «Cui,
264 2511 389 2602 inquit,
410 2507 491 2576 nihil
513 2508 754 2602 adjiciendum,
776 2523 833 2578 aut
856 2509 1124 2598 dmrinueudum,
1147 2514 1195 2580 rei

133 2613 339 2684 formidandae
348 2607 445 2703 (fort.
461 2607 663 2704 formandae)
676 2639 774 2683 causa
786 2615 1069 2711 putavi,alioquiu
1081 2642 1192 2686 meum

132 2743 192 2788 esse
213 2734 327 2815 posset
352 2720 505 2788 dubitari.
530 2749 547 2785 r>
571 2723 700 2788 Verum
726 2723 895 2792 enimvero
919 2749 1115 2818 germanum
1137 2748 1191 2792 me

132 2830 283 2920 reperisse
314 2841 485 2920 parentem
517 2825 667 2919 gaude03
696 2826 858 2895 natalibus
889 2830 999 2921 itaque
1030 2831 1192 2920 restituo,

132 2936 353 3002 auctoritatem
374 2945 504 3001 secutus
518 2928 619 3000 veluti
634 2932 833 3000 familiarum
847 2936 1011 3021 censoris,
1024 2932 1191 3005 Guilielmi

131 3039 301 3126 Camdeni,
317 3039 461 3107 hominis
480 3039 647 3125 Britanni,
667 3041 721 3132 qui
737 3041 781 3108 sic
800 3041 933 3108 Daretis
950 3037 1034 3108 illius
1053 3065 1092 3109 ac
1111 3066 1189 3135 poe·

130 3145 218 3213 matis
238 3146 271 3213 in
291 3143 572 3238 Angliae'historia
589 3146 740 3213 meminit
757 3146 798 3213 dc
816 3149 890 3215 Isca
909 3144 1068 3240 loquens:
1088 3150 1191 3218 «Hoc

130 3249 241 3319 saeculo
262 3242 375 3338 (anno
397 3245 637 3340 MCCXXIV)
656 3252 783 3339 floruit,
803 3256 859 3345 qui
879 3253 1136 3322 hincoriundus
1158 3270 1192 3324 et

128 3358 395 3450 cognominatus,
412 3357 576 3451 losephus
596 3359 751 3445 lscnnus,
773 3357 1037 3452 splendidissimo
1058 3360 1190 3454 ingenio

128 3476 220 3552 poeta
231 3487 242 3551 3
255 3463 350 3557 cujus
368 3466 489 3557 scriptu
508 3466 555 3532 sie
573 3464 818 3558 probabantur,
830 3480 867 3534 ut
883 3467 924 3533 ad
939 3481 1089 3535 veterum
1111 3468 1190 3535 scri·

126 3583 256 3660 ptorum
273 3569 402 3638 laudem
417 3572 638 3665 pervenerint.
658 3571 739 3664 Ejus
756 3575 877 3641 etenim
890 3573 931 3641 de
945 3572 1032 3641 bello
1047 3573 1189 3664 Trojano

128 3697 240 3766 poema
258 3679 419 3746 Germuui
441 3692 491 3745 ter
510 3680 571 3746 sub
597 3677 742 3746 Cornelii
762 3681 900 3774 Nepotis
924 3681 1057 3747 nomine
1079 3677 1189 3746 divul-

129 3798 253 3872 garunt.
266 3812 283 3848 >2
308 3786 380 3852 Jam
396 3808 477 3853 vero
495 3785 696 3854 Alexandri
709 3783 798 3854 illam
814 3786 866 3854 ud
875 3787 1095 3856 Aristotelem
1112 3809 1191 3877 prae·

129 3903 291 3980 ceptorem
306 3889 347 3957 de
361 3891 460 3960 rebus
474 3891 596 3961 Indicis
608 3895 808 3988 epistolum,
825 3917 898 3987 quae
913 3895 955 3980 Q.
965 3892 1085 3961 Curtio
1101 3889 1190 3959 Rufo

129 3988 190 4061 lere
213 3996 407 4089 subjicitur,
428 3999 484 4067 ubi
504 4013 538 4068 et
558 4022 699 4093 quercus
725 3999 827 4068 edunt
851 3997 1001 4082 oracula,
1021 3995 1189 4092 multaque

952 4117 1003 4197 Dl
