2648 4824
282 341 351 411 DE
377 341 663 410 CORNELIO
689 340 912 409 NEPOTE.
1046 365 1134 412 xxxr

69 472 251 565 Phrygium
269 474 448 560 Daretem,
470 473 528 565 qui
550 486 699 565 ternpore
725 471 858 563 Trojani
880 468 958 540 belli
979 474 1134 543 continue

70 581 103 646 in
122 603 240 647 eorum
259 578 458 648 exercitibus
475 577 567 648 fuere
584 592 777 672 presentes,
790 592 825 646 et
844 577 983 665 horum,
1002 581 1133 672 quavi·

69 684 293 770 derunt,sunt
304 683 481 753 fidelissimi
493 683 668 770 relatores,
683 685 764 752 etin
779 697 972 778 presentem
981 682 1132 753 libellum

71 815 129 884 per
151 814 205 858 me
228 789 374 882 judicem
398 789 587 860 Guidonem
608 790 650 858 de
671 788 836 859 Columna
859 790 1014 860 Messana
1039 805 1133 859 tran-

72 910 204 990 sumpta
226 895 395 991 legentur,
417 910 518 990 prout
538 898 577 964 in·
593 895 724 965 duobus
744 894 836 963 libris
860 918 976 964 eorum
995 897 1134 991 inscrip-

71 1017 141 1071 tum
159 1003 252 1095 quasi
275 1027 343 1071 una
363 1003 454 1072 vocis
472 1004 688 1071 consonantia
712 1004 884 1070 inventum
910 1015 961 1070 cst
985 1002 1132 1071 Athenis.

71 1109 276 1202 Quanquam
295 1123 407 1177 autem
426 1108 488 1177 hos
503 1105 630 1177 libellos
647 1108 782 1202 quidam
800 1109 989 1194 Romanus,
1008 1109 1133 1177 Corne·

71 1213 132 1283 lius
149 1215 301 1302 nomine,
312 1213 464 1284 Sallustii
474 1217 587 1309 magni
602 1238 723 1308 nepos,
744 1216 778 1282 in
794 1212 931 1282 latinum
954 1214 1133 1283 transferre

72 1323 258 1403 curaverit,
276 1326 387 1388 taineu
406 1320 487 1388 dum
501 1319 667 1388 laboraret
680 1321 819 1388 nimium
832 1319 941 1388 brevis
956 1343 1044 1407 esse,
1057 1344 1133 1414 par·

73 1425 223 1496 ticularia
240 1426 384 1494 historie
405 1428 520 1520 ipsius,
542 1451 614 1520 quae
635 1426 741 1519 magis
758 1439 898 1519 possunt
915 1422 1046 1521 allicere
1062 1427 1133 1494 ani·

73 1557 144 1601 mos
166 1533 379 1620 auditorum,
397 1557 465 1626 prae
493 1534 594 1599 nimia
614 1531 774 1600 brevitate
796 1530 987 1599 indecenter
1012 1533 1132 1601 omisit.

72 1640 112 1705 Iu
123 1638 187 1706 hac
197 1640 299 1733 igitur
310 1640 392 1706 serie
403 1636 503 1706 libelli
517 1652 624 1706 totum
638 1639 805 1705 invenitur
819 1637 1029 1731 inscriptum,
1043 1638 1133 1730 quod

73 1743 113 1812 de
124 1759 195 1813 tota
207 1744 344 1813 historia
353 1741 579 1813 universaliter
587 1757 620 1812 et
627 1741 870 1837 particulariter
879 1756 1008 1836 gestum
1025 1743 1095 1811 fuit.
1112 1773 1130 1808 »

74 1849 166 1918 Idem
182 1851 324 1944 scriptor
344 1848 386 1917 ad
403 1848 526 1918 calcem
548 1851 679 1943 operis:
699 1878 716 1912 a
733 1851 777 1916 Et
794 1874 856 1943 ego
876 1846 987 1917 Guido
1008 1847 1049 1916 de
1068 1851 1132 1917 Co·

74 1951 185 2024 lamna
197 1956 300 2049 judex
313 1955 355 2023 de
368 1956 522 2024 Messana
540 1955 731 2049 praedictum
743 1957 855 2023 Ditem
864 1945 1026 2047 (Dictyn)
1041 1957 1133 2023 Grae·

75 2084 148 2128 cum
172 2063 205 2129 in
232 2062 386 2129 omnibus
409 2086 481 2128 sum
504 2074 651 2145 secutus,
677 2086 738 2154 pro
764 2085 804 2128 eo
828 2057 917 2153 quod
943 2061 1014 2153 ipse
1040 2061 1134 2128 Dites

75 2158 230 2259 (Dictys)
248 2166 431 2260 perfectum
450 2181 488 2234 et
506 2165 707 2260 completum
729 2166 806 2234 fecit
823 2167 857 2234 in
878 2165 1032 2235 omnibus
1049 2191 1134 2260 opus

76 2295 170 2341 suum
187 2272 230 2341 ad
244 2272 431 2341 litterarum
443 2271 600 2341 videlicet
610 2270 778 2359 solatium,
796 2286 834 2339 ut
850 2294 960 2339 veram
982 2273 1133 2340 notitiam

76 2376 218 2446 habeant
239 2381 408 2473 praesentis
430 2380 598 2464 Historia,
625 2393 659 2446 et
681 2392 720 2445 ut
747 2379 852 2472 magis
876 2375 1080 2446 delectentur
1100 2380 1133 2444 in

76 2484 152 2577 ipsa.
180 2487 225 2552 Et
246 2509 308 2579 ego
325 2485 506 2553 historiam
528 2486 632 2577 ipsam
651 2506 828 2552 omanem
853 2483 1028 2552 dictamine
1056 2481 1133 2577 pul-

76 2589 197 2658 chriori
214 2615 275 2684 per
288 2590 471 2685 ampliores
482 2590 694 2683 metaphoras
711 2603 744 2658 et
757 2590 883 2659 colores
893 2642 903 2678 ,
914 2603 948 2658 et
956 2615 1016 2682 per
1033 2602 1134 2659 trans·

76 2698 258 2787 gressiones
267 2700 497 2783 occurrentes,
508 2721 581 2788 quae
592 2697 691 2789 ipsius
706 2695 890 2764 dictaminis
899 2698 1131 2788 suutpicturae.

76 2801 136 2870 Sed
156 2804 293 2870 territus
310 2826 350 2870 ex
368 2802 596 2897 magnitudine
609 2802 721 2895 operis
740 2816 804 2871 etc.
828 2831 845 2866 s
866 2803 942 2869 Non
960 2802 1133 2868 intermisit

76 2920 183 2975 tamen
200 2907 314 2977 Guido
334 2910 425 2975 varia
446 2933 487 2975 ex
502 2930 561 2976 suo
577 2907 742 3000 seculique
756 2908 951 3002 suiiingenio
969 2919 1132 2989 attexere,

77 3027 112 3080 ut
131 3012 249 3083 lectori
268 3028 395 3082 attento
419 3012 524 3082 facile
539 3013 672 3107 patebit.
697 3013 810 3082 Italics
835 3012 942 3080 lucem
964 3012 1045 3080 vidit
1065 3014 1130 3081 Ve·
1205 3063 1207 3071 ,

78 3121 184 3205 netiis,
211 3119 395 3207 1481,fot.
419 3121 623 3188 Germanice
642 3120 800 3188 versionis
820 3120 889 3187 MS.
908 3120 943 3185 in
959 3117 1040 3186 Bibl.
1060 3121 1131 3186 Cae·

79 3227 350 3312 sarea,'meminit
363 3225 576 3311 Lambecius,
590 3240 613 3293 t.
627 3227 680 3311 II,
694 3252 724 3319 p.
739 3225 825 3321 948.
843 3226 981 3294 Latinos
991 3223 1131 3293 Codices

79 3330 168 3399 MSS.
192 3330 306 3399 laudat
323 3332 515 3425 Mongitor,
536 3345 558 3398 t.
580 3330 690 3398 IBihl.
709 3331 842 3415 Siculae,
860 3357 892 3424 p.
920 3328 1005 3399 266.

128 3439 168 3503 ln
191 3440 292 3506 Lueae
307 3438 463 3505 Dacherii
479 3436 665 3531 spicilegio,
684 3451 705 3504 t
721 3438 789 3524 lv,
807 3462 838 3530 p.
862 3433 954 3524 485,
973 3439 1132 3504 Historia

79 3543 228 3635 Homeri,
245 3543 305 3611 ubi
317 3544 401 3612 dicit
415 3559 451 3611 et
461 3546 587 3629 Dares,
605 3542 784 3636 legendum·
798 3543 857 3611 ubi
870 3545 991 3634 Dictys
1006 3558 1043 3610 et
1057 3543 1131 3608 Da·

78 3669 145 3734 res,
174 3663 210 3717 ut
227 3650 297 3742 jam
321 3663 471 3718 notatum
493 3648 607 3718 Paullo
630 3647 817 3718 Colomesio
836 3651 876 3717 in*
894 3647 976 3717 Bibl.
996 3646 1131 3731 selecta,

78 3774 106 3843 p
130 3753 211 3824 168.
517 3743 519 3748 ³
893 3767 897 3775 '

125 3862 186 3928 ΙΙΙ.
201 3859 444 3955 Falsoqnoque
463 3863 511 3929 uti
525 3860 808 3930 adnllenandrum
823 3863 1050 3928 mammem
1063 3910 1072 3940 ,
1086 3858 1134 3925 sic

79 3961 117 4030 ad
149 3965 341 4035 Cornelium
372 3969 535 4062 Nepotem
567 3981 724 4061 tauquam
753 3960 965 4060 interpretem
993 3960 1135 4031 refertur
