2648 4824
193 379 1128 403 ΜΜΜἎΜΜΜΜΜΜΜΜΜΜΜἊΜ
1132 384 1254 411 mmm„

196 597 314 718 DE
366 593 843 718 CORNELIO
895 596 1254 720 NEPOTE

277 844 714 979 TESTIMONIA
752 891 835 976 ET
874 890 1168 982 Jumem.

420 1147 1028 1186 ν-ω-Θοο--η-α

243 1360 560 1446 ΤΕεΤιΜοΝΙΑ
586 1378 837 1445 VETERUM
863 1379 1208 1480 summonitus.

349 1604 461 1651 NEPOS
488 1602 563 1649 IPSE
590 1603 628 1647 IN
656 1602 740 1647 VITA
767 1601 902 1666 ATTICI,
929 1602 1005 1649 CAP.
1034 1604 1110 1650 XIII.

197 1789 363 1916 ATQUE
390 1834 455 1900 hoc
477 1858 544 1899 non
570 1830 742 1917 auditum,
765 1831 822 1899 sed
843 1833 1013 1926 cognitum
1032 1834 1258 1926 praedicamus.

197 1943 290 2035 Saepe
303 1941 390 2007 enim
407 1952 544 2034 propter
563 1935 816 2005 familiaritatem
835 1936 1021 2008 domesticis
1039 1932 1193 2029 (Attici)
1209 1968 1259 2009 re·

198 2046 260 2115 hus
279 2045 495 2115 interfuimus.

419 2257 467 2322 M.
503 2253 766 2322 TULLIUS
799 2256 1052 2341 mmmm,
1092 2271 1094 2276 ·

491 2451 558 2495 ΗΒ.
581 2450 644 2496 xvl
666 2450 715 2495 AD
732 2450 848 2496 ATTIC·
871 2452 923 2496 ΕΡ.
940 2452 971 2494 V.

256 2623 395 2719 Nepotis
413 2619 584 2717 epistolam
603 2634 766 2716 exspecto.
783 2620 932 2714 Cupidus
948 2619 1003 2689 ille
1021 2624 1264 2720 meorumIqui

207 2756 260 2822 ea,
279 2730 398 2826 quibus
418 2729 560 2796 maxime
579 2739 710 2822 γαυριῶ,
732 2725 870 2822 legenda
896 2751 964 2794 non
985 2729 1104 2821 putet?
1129 2735 1173 2800 Et
1199 2735 1265 2819 ais,

208 2837 279 2934 μετ’
296 2840 437 2932 ἀμύμονα
452 2861 459 2904 :
476 2850 513 2904 tu
530 2859 611 2903 vero
628 2833 775 2927 ἀμύμων,
789 2831 842 2901 ille
852 2832 985 2926 quidem
1003 2830 1167 2928 ἅμὸροτος.

459 3052 1030 3141 e.vALea.eATueLus,

210 3254 248 3301 IN
269 3251 413 3300 LIBELLO
435 3248 632 3295 camisum
655 3248 704 3293 AD
728 3246 878 3294 conum..
901 3249 1089 3316 NEPOTEM,
1111 3253 1219 3300 CARM.
1245 3258 1268 3301 i.

386 3417 475 3500 Quoi
491 3414 580 3479 dono
596 3412 741 3502 lepidum
758 3435 881 3477 novum
899 3416 1061 3502 libellum,

386 3522 483 3587 Arida
502 3521 601 3587 modo
614 3522 744 3610 pumice
759 3522 964 3608 expolitum?

388 3629 594 3712 CORNELI,
612 3627 681 3691 tibi.
698 3626 847 3714 Namque
863 3644 901 3691 tu
918 3630 1040 3694 solebas

388 3736 476 3800 Meas
493 3757 561 3799 esse
578 3731 699 3821 aliquid
714 3750 829 3821 putare
846 3756 962 3823 nugas,
982 3720 987 3735 ⁸

387 3843 457 3906 Jam
475 3859 563 3924 tum,
580 3863 684 3929 quum
703 3863 801 3904 ausus
819 3861 866 3922 es,
882 3862 968 3904 unus
986 3842 1160 3927 Italorum,

386 3950 495 4015 Omne
511 3973 614 4014 aevum
632 3948 737 4013 tribus
756 3947 911 4037 explicare
928 3948 1063 4034 chartis,
