2670 4830
196 369 309 419 xnrrn
578 346 910 417 TESTIMONIA

195 481 290 575 cujus
308 473 453 573 epistolae
468 475 598 546 initium
615 491 681 546 est:
701 507 720 542 α
737 477 860 548 Oblata
872 502 933 574 per
947 479 1151 574 antiquarios
1168 508 1267 555 mora

197 588 265 657 scio
282 584 435 681 promissi
450 585 588 678 gratiam
608 586 852 680 exspectatione
872 590 1265 680 consumptam,Probe,

196 694 247 763 vir
262 693 402 787 optime,
416 704 507 759 etc.»
523 692 677 784 Sequitur
691 691 848 786 deinceps
859 691 902 759 ad
919 692 1072 762 eumdem
1082 693 1265 767 dimetrum

195 798 373 868 iambicum
387 797 452 866 hoc
473 797 636 891 principio
651 823 659 865 :
679 825 697 862 s
712 800 833 893 Perge,
851 823 878 866 o·
890 795 1015 886 libelle,
1029 800 1203 886 Sirmium,
1217 805 1266 872 Et

194 905 248 975 dic
267 903 349 973 bero
371 927 464 991 meo,
490 917 523 972 et
539 917 614 991 tuo,
632 917 695 972 etc.
719 932 736 968 o
761 906 813 972 Ex
830 904 952 998 quibus
967 903 1149 1000 intelligere
1167 905 1263 997 licet,

192 1012 283 1080 hunc
303 1009 450 1078 Probum
470 1033 629 1104 magnum
647 1009 843 1103 quemdam,
862 1023 896 1078 ct
917 1008 1060 1099 clarum,
1072 1026 1106 1080 et
1123 1015 1263 1085 summis

193 1115 377 1186 honoribus
396 1130 549 1184 ornatum
563 1116 673 1184 virum
691 1115 811 1203 fuisse,
825 1129 872 1203 et,
890 1117 980 1210 quod
1000 1116 1139 1187 metasse
1154 1122 1263 1216 magis

192 1221 235 1293 ad
256 1247 327 1291 rem
343 1223 501 1316 pertinet,
512 1221 673 1290 disertum
690 1236 724 1291 ct
744 1220 962 1316 eloquentem.
976 1224 1031 1292 Sic
1048 1225 1137 1292 enim
1154 1225 1262 1295 Auso·

193 1329 268 1397 nius
289 1330 324 1396 in
345 1326 402 1396 illo
420 1328 579 1398 dimetro:
598 1357 616 1392 «
631 1331 731 1396 Hunc
744 1328 833 1415 dico,
848 1329 906 1422 qui
920 1326 1033 1423 lingua
1052 1343 1171 1423 potens
1189 1332 1261 1399 Mt-

192 1459 309 1503 norem
326 1433 477 1503 Atridam
499 1435 646 1529 praeterit
664 1433 803 1502 Orando
821 1458 949 1528 pauca,
970 1449 1006 1503 et
1023 1436 1172 1524 musica,
1191 1437 1261 1526 Qui
1284 1466 1288 1474 ·

192 1539 368 1635 grandines
389 1540 543 1635 Ulyssei,
562 1554 597 1609 et
616 1537 867 1609 Mellifluentcm
888 1542 1046 1629 Nestore,
1067 1543 1260 1612 Concinne·

191 1660 299 1717 torem
322 1661 355 1715 et
371 1645 535 1729 Tullium,
556 1661 643 1715 etc.»
667 1648 773 1714 Porro
794 1660 923 1733 autem,
944 1661 1066 1740 prester
1086 1650 1134 1715 M.
1157 1649 1260 1718 Aure·

189 1751 271 1823 lium
284 1751 456 1823 Valerium
469 1751 616 1821 Probum
628 1752 880 1844 imperatorem,
891 1754 947 1846 qui
961 1754 1136 1847 imperavit
1151 1777 1259 1825 annos

190 1860 516 1953 quinqueetmenses
523 1858 940 1952 quatuor,annoaCbristo
949 1873 1028 1928 nato
1035 1861 1258 1951 CCLXXIX,

191 1964 325 2034 Probos
350 1961 477 2058 aliquot
502 1965 652 2059 reperio,
673 1961 729 2031 lib.
756 1988 796 2032 111
819 1967 1001 2032 Fastorum.
1033 1967 1075 2032 In
1099 1966 1152 2034 bis
1173 1969 1257 2037 Sex.

189 2072 368 2156 Anicium,
392 2073 472 2140 See.
481 2070 558 2158 fil,
583 2074 780 2140 Petronium
797 2069 948 2138 Probum
962 2072 1005 2139 V.
1021 2072 1061 2140 C.
1084 2070 1257 2147 consulem

107 2190 117 2206 ‘
188 2199 278 2245 anno
295 2200 315 2245 a
330 2190 429 2270 partu
449 2177 585 2270 virginis
603 2177 859 2263 CCCLXXIV,
872 2175 1111 2270 imperantibus
1129 2174 1177 2245 Fl.
1190 2181 1258 2248 Va-

190 2280 297 2370 lente,
323 2296 357 2351 et
383 2280 432 2351 Fl.
452 2281 707 2369 Valentiniano,
736 2279 840 2351 altero
864 2282 900 2350 in
919 2283 1070 2370 oriente,
1093 2281 1197 2352 altero
1219 2287 1256 2354 in

58 2416 60 2421 ⁴
187 2388 358 2458 occidente
368 2413 377 2472 3
388 2403 422 2457 et
435 2412 523 2458 amto
539 2388 813 2475 CCCLXXXII,
827 2413 920 2476 cum,
935 2413 1035 2482 quem
1049 2412 1150 2483 supra
1160 2413 1254 2459 com-

187 2495 388 2582 memoravi,
401 2497 482 2566 Sex.
496 2497 672 2582 Ammo,
691 2494 852 2584 Semfil,
873 2495 1044 2581 Probum,
1057 2495 1253 2589 preelectum

187 2603 365 2695 pretorio,
386 2601 429 2669 ed
448 2626 546 2695 quem
571 2615 661 2670 extat
682 2599 738 2669 illa
760 2601 896 2670 Ausonii
926 2600 1064 2696 epistula
1081 2628 1091 2689 ;
1111 2615 1145 2670 ct
1163 2625 1253 2673 anno

68 2745 71 2753 =
186 2709 459 2792 CCCCIX‚Sex.
470 2709 651 2794 Anicium,
668 2706 826 2795 Semfil,
843 2709 923 2777 Sex.
943 2723 1117 2802 nepotem,
1129 2712 1252 2778 Petro-

184 2818 277 2884 amm
288 2813 457 2900 Probum,
472 2813 642 2884 consulem
652 2813 925 2908 ,imperatoribus
941 2813 1129 2882 Theodosio
1139 2813 1251 2907 junio·

185 2921 381 3007 re,Arcadii
395 2919 479 3010 filio,
491 2935 525 2990 et
535 2923 562 2990 F
562 2919 583 2990 l.
598 2920 747 2990 Honorio
758 2921 826 2989 Pio.
839 2921 961 3014 Reperi
970 2933 1004 2989 et
1017 2918 1117 2989 alium
1133 2944 1252 3013 quem·

183 3026 261 3096 dam
280 3031 444 3098 Moectum
464 3027 632 3114 Probum,
655 3027 828 3122 praesidem
846 3028 1024 3121 provinciae
1052 3026 1251 3119 Hispaniae,

183 3157 282 3227 quern
305 3148 544 3203 commemorat
569 3133 753 3228 Ulpianus,
771 3133 825 3201 lib.
848 3135 997 3232 XLVIII
1025 3133 1251 3226 digestorum,

183 3237 280 3309 titulo
301 3241 342 3309 dc
360 3240 542 3310 interdictis
560 3253 594 3309 et
610 3239 776 3334 relegatis,
794 3239 846 3308 his
863 3238 997 3308 verbis:
1022 3268 1039 3303 α
1061 3237 1125 3306 Sed
1143 3238 1251 3332 impe·

182 3360 274 3416 rator
296 3361 409 3416 noster
430 3372 507 3418 cum
534 3346 612 3416 divo
640 3361 734 3441 patre
761 3370 821 3414 suo
843 3345 921 3413 huic
948 3347 996 3413 rei
1016 3344 1248 3439 providerunt.

181 3454 302 3528 Mucio
314 3455 403 3525 enim
423 3453 550 3542 Probo,
563 3453 694 3548 praesidi
714 3454 893 3547 provinciae
914 3453 1098 3546 Hispaniae,
1125 3451 1249 3519 rescri-

182 3577 339 3662 pserunt,
352 3563 451 3638 etiam
466 3585 506 3645 ea
523 3562 695 3657 provincia
707 3558 875 3646 interdici,
888 3558 976 3627 unde
994 3560 1067 3652 quis
1086 3557 1250 3625 oriundus

181 3670 244 3760 sit,
258 3671 299 3745 ab
315 3696 373 3758 eo,
385 3671 442 3766 qui
455 3670 541 3764 regit
551 3692 624 3738 eam
642 3667 865 3762 provinciam,
878 3666 936 3734 ubi
952 3669 1024 3759 quis
1042 3660 1248 3732 domicilium

181 3779 320 3868 haheat,
337 3791 398 3847 etc.
417 3807 435 3842 u
460 3776 681 3865 Praetcrmitto
703 3773 913 3860 Probr'cmos,
927 3787 973 3861 'et
992 3770 1178 3856 Probinos,
1203 3768 1248 3836 ab

180 3887 233 3957 bis
244 3885 362 3956 Probis
375 3883 490 3954 leviter
502 3883 646 3960 deflexos
660 3906 699 3956 ac
711 3880 885 3949 derivatos.
901 3882 1030 3947 Horum
1044 3880 1145 3972 igitur
1158 3880 1247 3945 Pno-

179 3993 298 4075 ‚borum
312 3994 463 4065 omnium
479 3989 609 4065 nullum
622 3989 723 4082 hujus
739 3986 814 4058 libri
828 4001 999 4058 auctorem
1021 4009 1092 4057 esse
1110 4004 1248 4083 persua·
