2648 4824
306 332 377 443 nn
403 374 687 459 conuento
714 374 936 445 Neroua.
1064 403 1157 449 xxm

93 533 208 594 mum,
239 507 405 576 decimum
435 509 606 600 quintum,
635 521 669 574 et
693 506 858 576 decimum
887 521 1015 576 sextum
1038 509 1160 605 allegat

93 616 261 707 Sosipater
281 613 469 699 Charisius,
484 611 570 680 libro
586 615 631 681 ΙΙ.
650 614 691 680 In
712 612 763 681 his
778 612 931 682 videntur
949 614 1049 684 fuisse
1072 619 1158 686 Vitae

93 721 226 812 Regum
242 723 436 789 Graecorum
449 716 673 811 aliorumque,
689 720 788 786 etiam
803 717 979 788 illustrium
990 723 1157 791 Romano-

94 850 285 918 rum,.quas
298 827 410 918 Nepos
425 826 496 919 ipse
510 826 734 918 composuisse
749 849 784 894 se
798 839 954 914 testatur,
969 841 1003 894 et
1018 825 1101 896 liber
1117 828 1158 897 de

93 930 275 1000 illustribus
297 931 483 1017 Historicis,
501 955 599 1023 quem
621 931 787 1024 scripsisse
809 956 843 1000 se
861 931 964 1000 refert
983 934 1018 1000 in
1037 935 1156 1003 Dione.

94 1039 151 1106 Sic
168 1038 270 1105 etiam
282 1036 323 1105 de
340 1035 523 1106 illustribus
544 1037 652 1105 Poetis
670 1039 836 1130 scripsisse
854 1037 990 1133 colligas
1006 1063 1025 1107 c
1041 1041 1156 1108 Sueto·

93 1145 151 1212 nio
172 1145 208 1210 in
225 1145 370 1212 Terentii
382 1144 466 1230 vita,
479 1156 513 1210 et
530 1141 571 1210 de
588 1143 784 1212 Oratoribus
799 1142 996 1232 illustribus,
1014 1161 1076 1215 etc.

147 1249 249 1318 Liber
261 1248 304 1318 de
315 1249 395 1318 Vita
411 1250 461 1316 M.
478 1250 586 1318 Porcii
606 1250 741 1317 Catonis
755 1252 933 1342 separatim
946 1252 1088 1344 scriptus
1099 1277 1157 1320 ro-

94 1368 175 1448 gatu
191 1356 307 1442 Attici,
327 1369 364 1422 ut
377 1357 489 1448 Nepos
505 1355 574 1448 ipse
588 1369 705 1422 auctor
719 1357 816 1422 estin
830 1370 978 1425 extremo
992 1357 1102 1426 brevis
1116 1357 1157 1427 de

95 1463 223 1529 Catone
241 1462 582 1545 commemorationis,
603 1485 676 1553 quae
696 1460 794 1528 hodie
815 1476 913 1529 extat.

148 1566 241 1634 Libri
259 1565 302 1634 de
323 1568 391 1634 vita
413 1568 602 1652 Ciceronis,
616 1590 760 1660 quorum
777 1568 921 1660 primum
942 1566 1055 1636 laudat
1073 1567 1156 1638 Gel-

93 1670 176 1757 lius,
196 1675 280 1759 XV,
304 1671 363 1741 28.

147 1777 240 1845 Libri
265 1776 489 1871 Epistolarum
508 1777 551 1846 ad
573 1779 784 1862 Ciceronem,
802 1803 943 1871 quorum
961 1781 1087 1872 primus
1109 1782 1155 1849 ci·

95 1896 185 1950 tatur
206 1906 225 1949 a
244 1885 437 1970 lactantio,
454 1886 522 1969 ΙΙΙ,
546 1880 600 1953 15.
624 1883 913 1971 Quemadmodum
931 1899 969 1952 et>
985 1887 1155 1955 Ciceronis

95 1987 136 2056 ad
149 1992 312 2081 Nepotem
325 1987 489 2083 Epistolas
500 2004 763 2058 commemorant
775 1992 949 2059 Suetonius
963 1992 996 2058 in
1011 1993 1155 2080 Caesare,

96 2117 166 2187 cap.
190 2090 255 2182 55,
279 2095 485 2182 Macrobius,
499 2099 643 2189 itemque
658 2094 720 2162 alii.

148 2201 188 2267 In
198 2199 320 2269 Catulli
328 2202 477 2271 versibus
491 2201 533 2270 ad
546 2205 727 2295 Nepotem,
744 2204 886 2290 «Quum
899 2225 997 2271 ausus
1008 2227 1058 2290 es,
1068 2228 1154 2273 unus

96 2303 274 2393 Italorum,
293 2307 402 2375 Omne
422 2332 531 2375 aevum
552 2307 656 2376 tribus
677 2307 841 2400 explicare
859 2309 1033 2394 chartis,‘»
1055 2312 1154 2378 Petro
1275 2314 1276 2318 ’

96 2413 230 2481 Possino
245 2413 279 2480 in
294 2415 380 2481 uotis
400 2411 442 2480 ad
460 2415 582 2482 Nicetae
596 2415 688 2480 Orat.
706 2413 747 2482 de
761 2413 911 2482 laudibus
932 2415 986 2482 SS.
1002 2415 1152 2483 Archan-

96 2515 262 2609 gelorum,
278 2543 310 2610 p.
336 2515 401 2612 59,
418 2542 506 2587 unus
531 2519 664 2586 videtur
683 2518 769 2587 idem
796 2544 866 2588 esse
891 2519 982 2614 quod
995 2526 1150 2615 primus,

94 2623 229 2715 perinde
249 2638 287 2690 ut
304 2622 392 2717 apud
413 2624 754 2692 Hebraeosdnterdum
770 2625 896 2711 ecbod,
914 2641 947 2694 ct
959 2626 1048 2719 apud
1066 2630 1154 2696 Grae·

94 2753 150 2796 cos
163 2725 214 2806 εἷς.
233 2728 298 2796 Sed
316 2731 342 2797 si
355 2731 481 2822 primus
492 2729 618 2799 fuitillo
634 2744 785 2824 tempore
796 2735 925 2824 Nepos,
943 2732 999 2824 qui
1011 2731 1045 2798 id
1054 2757 1152 2801 ausus
1185 2724 1187 2731 ¹

94 2848 158 2919 est,
174 2833 269 2902 facile
285 2835 402 2921 etiam,
419 2860 521 2928 quum
539 2836 687 2904 Catullus
708 2837 885 2924 scriberet,
903 2835 990 2904 solus
1004 2861 1074 2905 esse
1093 2864 1153 2932 po·

93 2942 176 3008 tuit:
198 2938 375 3033 alloquitur
394 2944 479 3010 euim
502 2941 651 3010 Catullus
680 2967 757 3010 eum
784 2957 821 3010 ut
851 2940 1018 3035 aequalem.
1043 2945 1153 3038 Magis

92 3045 201 3139 placet
221 3049 479 3140 prestantissimi
499 3049 563 3115 viri
582 3051 633 3117 Jo.
653 3050 787 3117 Antonii
809 3048 923 3143 Vulpii
941 3048 1152 3141 conjectura,

92 3154 149 3245 qui
163 3152 270 3221 tribus
285 3154 414 3222 chortis
435 3155 670 3247 interpretatur
688 3154 777 3222 libris
794 3180 862 3224 non
879 3154 983 3223 tribus
1002 3159 1152 3248 praecisc,

93 3257 150 3326 sed
170 3261 301 3352 paucis,
320 3257 372 3328 vel
391 3259 554 3328 brevibus.
580 3260 685 3347 Vide,
704 3262 730 3328 si
751 3260 879 3354 placet,
902 3262 973 3354 ejus
994 3277 1090 3331 notas
1110 3262 1153 3331 ad

94 3363 270 3434 Catullum.

92 3565 320 3679 Fragmenta,
331 3601 368 3654 et
379 3584 423 3654 de
438 3587 603 3657 Corneliae
614 3591 734 3655 maort
746 3587 977 3657 Gracchorum
990 3590 1153 3683 Epistola.

460 3691 513 3760 ad
528 3695 562 3763 C.
582 3693 782 3762 Gracchum.

143 3885 341 3979 Fragmenta
361 3887 498 3980 Nepotis
520 3885 563 3952 ab
577 3885 709 3954 Andrea
726 3887 863 3955 Schotto
885 3886 1059 3982 diligenter
1080 3884 1151 3952 col·

92 3985 192 4080 lecta,
212 4005 312 4089 atque
333 3989 410 4061 inde
428 3994 462 4062 in
477 3992 804 4093 plerisqueComelii
822 3993 1019 4080 editionibus
1037 4015 1153 4061 recusa

924 4111 967 4192 Bt
