2648 4824
292 355 362 422 DE
388 353 673 422 CORNELIO
700 351 919 420 NEPOTE.
1054 377 1143 425 xxix
1221 443 1225 447 .

82 475 213 570 qualem
235 472 438 543 locutionum
459 476 569 542 minus
589 473 777 560 obviarum,
799 495 942 568 ususque
960 474 1142 545 vocabulo-

84 607 158 650 rum
180 579 354 675 singularis
371 579 545 648 adornavit
562 578 683 649 clariss.
703 582 897 673 Artopoeus,
912 578 970 649 sed
988 578 1092 674 qualis
1108 584 1143 651 in

83 687 225 755 editione
246 685 403 780 Delphini
421 685 584 773 occurrit,
608 684 705 753 index
726 685 874 753 omnium
894 685 1142 757 vocabulorum.

83 792 219 886 Josephi
237 815 368 886 quoque
388 793 496 860 Iscani
517 814 636 886 poema
654 789 799 858 exbiberi
820 805 950 885 poterat
965 816 1006 861 ex
1028 817 1142 862 ernen-

83 899 210 967 datiore
231 913 264 966 et
285 897 462 992 integriore
486 896 622 966 Joannis
648 897 736 964 Mori
759 896 903 965 editione
925 897 1143 988 Londinensi,

84 1029 171 1074 anno
191 1000 306 1100 1675,
324 1003 356 1074 8.
369 1004 561 1071 Dresemius
578 1003 685 1088 enim,
703 1003 760 1095 qui
777 1003 841 1071 hoc
856 1027 974 1098 poema
994 1008 1145 1074 recteJo

85 1111 189 1206 sepho
198 1114 315 1180 Iscano
327 1109 484 1195 restituit,
497 1123 530 1176 et
544 1107 679 1177 eruditis
693 1109 778 1177 notis
790 1107 982 1198 illustravit,
991 1113 1017 1178 F
1018 1111 1142 1180 raucof.

90 1215 208 1303 1623,
226 1219 266 1301 lp,
286 1213 384 1284 nullis
403 1213 571 1283 codicibus
586 1215 706 1298 MStis,
725 1213 782 1282 sed
800 1228 930 1283 tantum
950 1215 1054 1286 tribus
1072 1217 1144 1285 edi-

84 1321 228 1391 tionibus
247 1319 481 1389 anterioribus⁷
496 1344 574 1389 usus
594 1319 718 1407 fuerat,
730 1318 848 1413 quibus
865 1319 1002 1410 bilibri,
1021 1323 1145 1415 majore

85 1428 195 1497 adhuc
215 1428 359 1514 inscitia,
381 1449 480 1520 quam
501 1425 668 1519 proserius
689 1427 815 1511 Dares,
838 1425 982 1496 Cornelii
1006 1430 1145 1522 Nepotis

86 1549 243 1627 tanquam
265 1533 409 1600 auctoris
437 1556 559 1601 nomen
581 1545 700 1626 gerunt
725 1531 905 1626 praefixum.
930 1536 971 1600 ln
993 1533 1145 1604 omnibus

86 1665 166 1709 vero
187 1639 255 1707 istis
276 1637 473 1705 editionibus
494 1638 605 1707 omissi
627 1651 721 1724 sunt,
743 1652 819 1732 post
839 1636 893 1705 lib.
911 1639 928 1705 I
956 1663 987 1705 v.
1018 1636 1086 1727 32,
1110 1640 1145 1709 bi

87 1769 219 1831 versus,
237 1743 355 1837 quibus
369 1744 556 1811 continetur
574 1744 761 1811 encomium
777 1741 943 1829 Balduini,
961 1746 1013 1812 cui
1027 1770 1146 1838 poema

87 1851 152 1920 hoc
175 1876 271 1918 suum
294 1874 355 1943 pro
377 1847 432 1917 illa
450 1863 638 1942 temporum
653 1873 787 1917 suorum
803 1848 953 1918 barbarie
967 1849 1148 1920 facundum

89 1971 122 2025 et
133 1970 305 2050 comptum
316 1970 432 2024 auctor
448 1955 586 2042 dicavit,
601 1954 873 2048 Archi-Episcopi
888 1957 1148 2046 Cantuariensis,

91 2061 152 2130 sub
172 2061 272 2129 finem
294 2060 427 2129 seculia
447 2075 526 2129 nato
546 2061 608 2129 Ch.
624 2060 819 2128 duodecimi.
842 2063 967 2128 Versus
985 2060 1057 2130 illos
1075 2064 1147 2156 pri-

91 2192 181 2254 mus,
201 2166 291 2260 quod
317 2167 435 2250 sciam,
457 2190 476 2234 e
498 2168 594 2235 Msto
614 2166 728 2235 codice
756 2166 911 2261 produxit
935 2169 1015 2236 Tan.
1042 2170 1148 2237 Faber

92 2275 125 2342 in
143 2274 229 2341 notis
248 2272 289 2340 ad
306 2275 511 2367 Longinum,
529 2298 560 2366 p.
590 2268 661 2366 169
683 2271 759 2340 edit.
782 2271 946 2367 preclarae
969 2272 1145 2343 Tollianae:

157 2430 197 2492 ln
216 2452 389 2492 numerum
403 2429 470 2509 jam
485 2427 599 2493 crescit
615 2428 740 2510 honos,
756 2444 789 2492 te
805 2429 898 2492 tertia
915 2431 1019 2517 poscit

157 2533 279 2613 Insula,
294 2537 359 2617 jam
377 2535 524 2599 meminit
539 2533 726 2623 Wigornia,
744 2533 858 2597 Cantia
873 2533 982 2618 discit,

157 2641 323 2703 Romanus
341 2639 516 2705 meditatur
531 2663 624 2727 apex,
643 2655 675 2703 et
691 2641 845 2728 naufraga
860 2639 947 2704 Petri

158 2744 336 2808 Ductorem
351 2745 385 2807 in
398 2744 511 2808 mediis
529 2759 689 2832 exspectat
705 2744 820 2832 cymba
835 2745 991 2832 procellis.

160 2849 213 2912 Tu
231 2867 338 2913 tamen
355 2849 493 2914 occiduo
508 2849 597 2940 degis
613 2865 787 2913 contentus
805 2849 895 2932 ovili,

160 2954 289 3018 Tertius
304 2979 323 3018 a
336 2955 462 3018 Thoma
473 2951 957 3044 (Cantauriensi),Thomasque
972 2955 1151 3035 secundus,

247 3076 279 3123 et
297 3061 376 3124 alter

159 3166 214 3230 Sol
230 3166 353 3242 oriens,
372 3167 470 3230 rebus
487 3190 670 3251 successor,
687 3167 833 3232 moribus
851 3168 954 3231 heres.

161 3273 295 3354 Felices,
313 3296 395 3360 quos
414 3295 481 3336 non
497 3274 596 3337 trahit
611 3274 771 3349 ambitus,
787 3289 848 3338 etc.

138 3477 165 3528 7.
187 3458 274 3511 Prima
298 3456 380 3510 editio
396 3471 435 3511 est
450 3459 483 3510 ab
501 3459 604 3510 Albano
647 3457 669 3510 si
685 3471 759 3528 pater
771 3459 827 3528 ipse
847 3458 875 3510 in
895 3460 999 3529 prolem
1019 3457 1153 3514 redivivus
1253 3483 1257 3490 ·

97 3537 210 3603 Torino,
223 3537 299 3590 basil.
317 3537 400 3602 1541,
416 3541 442 3602 8,
455 3555 515 3589 cum
525 3537 604 3589 Pseu·
648 3537 738 3590 oculos
754 3549 919 3590 converteret
931 3550 985 3590 tam
998 3539 1153 3603 informem,

98 3614 263 3669 do·P'1ndari
272 3618 386 3686 epitome
396 3614 605 3680 Iliadis,Darete
648 3629 816 3686 cognosceret
824 3618 901 3688 plene
909 3617 1155 3688 nunquam-Hanc

98 3695 233 3766 prosario,
247 3708 274 3749 et
286 3696 396 3749 Homeri
409 3694 491 3748 Iliade
505 3714 536 3747 ex
549 3695 605 3747 lati-
649 3708 737 3748 secuta
755 3708 794 3748 est
806 3694 889 3749 editio
910 3695 1061 3760 Henischii,
1074 3695 1152 3748 anit

98 3792 132 3826 na
143 3775 244 3828 Nicolai
255 3777 338 3829 Vallo
350 3788 375 3828 et
386 3775 463 3828 Vinc.
479 3775 605 3846 Obsopoei
652 3775 725 3845 1573
736 3814 744 3841 ,
757 3794 784 3844 9.
800 3776 890 3828 Altera
906 3789 976 3829 extat
1000 3773 1033 3827 ad
1049 3773 1154 3828 Calcem

100 3855 225 3908 versione.
234 3856 302 3908 Tam
313 3866 437 3926 corrupte
448 3867 535 3907 autem
546 3854 605 3907 vul·
648 3855 758 3906 Homeri
771 3871 856 3925 graece
869 3867 895 3907 et
907 3856 989 3908 latine
1001 3851 1066 3906 editi
1079 3866 1106 3905 et
1121 3853 1153 3904 il·

100 3945 157 4002 gata
176 3947 228 3999 est,
244 3948 354 3987 notante
363 3936 414 3987 νΙο.
429 3932 560 3998 Lelando‚
576 3954 603 4005 p.
648 3935 752 3986 lustrati
764 3953 778 3985 a
788 3936 892 3987 Joarme
905 3931 1047 4004 Spondano
1057 3970 1065 3996 ,
1077 3932 1153 3985 Basil.

103 4012 605 4086 ²39‚descriptorihusBritaunicis,«ut
653 4014 746 4081 1583,
768 4017 801 4078 8,
822 4026 849 4067 et
869 4014 955 4078 1603,
979 4011 1025 4065 tol.
1039 4011 1158 4066 Tertiam
