2648 4824
134 377 155 422 t
499 346 828 415 TESTIMONIA

132 485 200 555 mio
226 482 278 552 cui
301 476 506 549 fovendum?
525 477 668 564 Inveni,
694 478 823 571 trepide
848 475 940 546 silete
961 501 1073 550 versus
1095 475 1197 573 (vel,

130 607 168 662 ut
195 587 322 659 mavult
348 586 414 680 legi
441 583 491 653 Cl.
515 587 707 673 Puteanus,
737 582 867 679 trepale
891 586 989 654 silete
1016 603 1121 676 nate,
1159 607 1198 660 ut

130 723 190 794 per
219 712 339 766 natam
369 691 491 759 librum
520 715 617 759 sumn
646 690 829 785 significet,
856 714 997 785 eumque
1030 695 1081 763 sie
1115 695 1197 767 allo-

63 882 66 887 >
129 819 267 899 quatur,
282 817 319 869 ut
332 823 452 894 parens
471 796 594 884 lilium;
611 797 701 891 quod
715 799 742 866 si
755 798 968 892 recipiamus,
981 799 1093 869 malim
1108 801 1199 897 legi,

129 910 258 1005 trepide
281 909 377 976 st'lete
394 909 473 974 nati
482 899 512 991 ),
532 907 602 972 Nec
621 903 757 972 doctum
780 906 906 990 minus,
927 918 961 973 et
980 909 1085 1000 magis
1104 909 1198 978 beni·

130 1040 258 1111 gnum,
281 1015 394 1103 Quam
415 1035 514 1105 quem
536 1008 645 1080 Gallia
665 1009 806 1104 praebuit
828 1009 971 1080 Catullo.
994 1016 1067 1082 Hoc
1087 1015 1200 1086 nullus

129 1123 211 1190 mihi
224 1121 332 1191 carior
346 1142 517 1205 meorum,
528 1118 637 1206 Quem
654 1114 757 1212 pluris
771 1117 897 1187 faciunt
910 1142 1032 1188 novem
1051 1145 1200 1212 sorores,

128 1229 240 1317 Quam
252 1241 390 1296 cunctos
399 1223 645 1312 ali0s‚Marone
656 1223 969 1319 demptaPacatum
979 1226 1070 1296 haud
1081 1227 1200 1316 dubie,

128 1349 244 1432 poeta,
266 1332 357 1402 dicis.
387 1334 464 1426 Ipse
490 1345 563 1435 est3
582 1331 745 1425 intrepide
773 1329 883 1399 volate
907 1356 1032 1402 versus.
1051 1335 1116 1404 Hic
1138 1359 1200 1404 vos

93 1457 94 1461 ’
129 1439 265 1535 diligere
284 1455 318 1508 et
342 1436 432 1507 volet
454 1438 557 1525 tueri,
582 1439 626 1505 Et
646 1437 754 1506 nudos
776 1440 903 1532 gremio
928 1439 1042 1507 fovere
1067 1453 1150 1509 tuto.
1179 1470 1197 1506 »

128 1538 231 1631 (Hoc
253 1560 364 1615 autem
386 1544 502 1613 ordine
524 1545 587 1612 hos
606 1545 776 1636 proximos
795 1568 910 1614 versus
932 1571 1004 1615 esse
1024 1544 1202 1639 legendos,

129 1666 162 1722 et
177 1653 390 1747 prosecute,
398 1653 527 1742 form
537 1705 550 1738 ,
569 1649 820 1742 reponendum,
836 1651 920 1719 vidit
941 1650 991 1720 Cl.
1014 1655 1202 1738 Puteanus3

5 1751 7 1755 ’
128 1759 216 1828 idem
234 1774 345 1827 tamen
363 1757 490 1827 audiam
507 1761 543 1824 ta
555 1760 686 1849 gremio
703 1744 797 1850 legit',
813 1769 850 1824 ut
869 1757 972 1826 habet
989 1757 1089 1826 editio
1108 1761 1203 1854 Lug·

130 1865 285 1935 dunensis
299 1879 333 1934 et
345 1866 505 1957 Antverp.
517 1914 527 1948 ,
541 1877 579 1929 ut
592 1876 755 1955 congruat
766 1887 843 1932 cum
858 1886 942 1931 voce
952 1855 1068 1951 nate.)
1082 1866 1205 1958 Neque

129 1997 210 2042 vero
227 1995 427 2065 quemquam
445 1992 581 2036 movere
596 1967 711 2056 debet,
726 1969 817 2062 quod
831 1968 983 2038 Catullus
1000 1968 1091 2038 hunc
1109 1995 1204 2039 eum-

130 2079 207 2148 dem
230 2081 395 2171 Nepotem
418 2074 541 2143 Italum
564 2074 664 2143 fuisse
686 2074 865 2168 significat,
882 2077 999 2170 primis
1019 2076 1172 2146 versibus
1194 2105 1203 2147 τ

134 2183 225 2252 «Cui
236 2183 327 2251 dono
344 2180 506 2275 lepidum,
521 2204 645 2249 novum
660 2179 822 2268 libellum,
837 2181 940 2250 Arida
954 2182 1055 2250 modo
1069 2185 1204 2275 pumice

131 2286 336 2384 expolituml
357 2287 513 2374 Corneli,
533 2288 618 2355 tibi:
640 2311 783 2381 namque
805 2301 843 2355 tu
865 2287 994 2357 solebas
1013 2290 1109 2359 Meas
1131 2313 1205 2359 esse

131 2393 254 2489 aliquid
273 2398 391 2490 putare
404 2416 511 2487 nugas
528 2396 602 2463 Jam
622 2408 711 2481 tum,
728 2418 831 2487 quum
849 2417 949 2462 ausus
967 2420 1017 2481 es,
1033 2417 1120 2465 unus
1139 2398 1205 2464 Ita·

123 2503 261 2593 lorum,
279 2503 391 2569 Omne
412 2524 519 2568 aevum
541 2500 646 2568 tribus
667 2499 832 2594 explicare
847 2500 1012 2570 chartis.»
1033 2502 1121 2570 Nam
1142 2525 1204 2570 ora

133 2606 261 2678 Gallica
279 2632 320 2675 ex
336 2607 471 2699 antiqua
491 2605 711 2699 descriptione
727 2607 769 2674 ab
785 2607 924 2676 Ancona
944 2607 1074 2674 initium
1092 2606 1205 2695 ducit,

132 2730 166 2784 et
184 2739 288 2808 usque
306 2712 348 2781 ad
364 2710 464 2806 Alpes
484 2713 683 2806 porrigitur;
699 2726 733 2780 et
750 2726 862 2780 tamen
879 2736 969 2782 nunc
990 2714 1100 2782 Italia
1120 2713 1203 2782 dici·

133 2836 205 2905 tur,
217 2822 392 2914 Italiaque
406 2819 486 2888 olim
502 2819 681 2888 dicebatur.
702 2821 820 2911 Itaque
840 2833 874 2887 et
892 2821 948 2912 qui
963 2833 1054 2887 trans
1072 2819 1204 2889 Padum

134 2953 239 3020 usque
261 2926 302 2996 ad
318 2927 544 3012 Rubiconem,
571 2939 605 2993 et
627 2926 685 3018 qui
702 2926 747 2993 cis
768 2924 896 3019 Padum
914 2925 1079 3018 usquead
1101 2924 1205 3019 Alpes

135 3033 339 3117 incolebant,
352 3033 449 3101 Galli
455 3032 659 3102 dicebantur.
669 3030 731 3099 Illa
742 3033 829 3100 enim
842 3045 914 3099 erat
925 3033 1045 3100 Gallia
1058 3046 1203 3124 togata,

136 3139 208 3206 haec
234 3139 490 3231 Transpadana
507 3133 590 3227 (eas
615 3137 744 3231 appello
765 3151 803 3205 ut
827 3138 930 3206 homo
956 3136 1094 3224 Gallus,
1113 3152 1149 3204 et
1168 3138 1207 3206 in

137 3244 220 3311 urbe
242 3245 373 3312 Lutetia
392 3243 463 3311 haec
482 3243 645 3329 scribens,
667 3242 761 3311 aliter
778 3243 1019 3338 appellaturus,
1041 3245 1068 3311 si
1086 3244 1207 3312 Romae

139 3340 349 3435 scriberem).
373 3352 417 3416 Et
436 3374 567 3418 rursum
585 3349 682 3417 iidem
700 3351 832 3444 utrique
852 3350 927 3419 Itali
948 3349 1160 3435 dicebantur,
1178 3349 1208 3418 si

140 3454 273 3550 quidem
293 3478 409 3525 rerum
427 3469 493 3543 est,
507 3455 637 3524 ltaliam
651 3470 803 3524 enatura
819 3455 959 3551 Alpibus
980 3456 1078 3524 fuisse
1096 3455 1209 3523 muni·

139 3577 228 3649 tam,
244 3574 282 3628 ut
299 3573 366 3647 est,
385 3560 550 3656 Alpesque
568 3577 602 3630 et
619 3587 708 3630 nnnc
726 3587 817 3649 esse,
838 3577 872 3630 et
893 3561 972 3631 olim
994 3562 1094 3630 fuisse
1113 3586 1209 3629 com·

141 3693 259 3739 munes
277 3666 377 3734 ltaliae
389 3679 423 3733 et
434 3668 551 3738 Galliae
570 3669 737 3737 terminos.
760 3672 876 3738 Restat
894 3695 1002 3756 nunc,
1014 3682 1052 3736 ut
1074 3681 1209 3736 senten-

141 3778 222 3846 tiam
237 3797 345 3842 meam
361 3772 507 3866 aperiam
517 3831 525 3858 ‚
534 3775 727 3868 videaturne
741 3775 889 3844 AEmilius
902 3775 1048 3861 Probus,
1061 3798 1104 3841 an
1121 3776 1207 3842 Cor·

141 3883 247 3952 nelius'
264 3883 378 3974 Nepos
394 3879 515 3947 harum
529 3883 670 3950 vitarum
689 3883 839 3976 scriptor.
856 3880 1001 3951 Difficile
1019 3880 1154 3974 quidem
1173 3892 1210 3947 et

142 3988 364 4084 periculosum
381 3986 543 4082 judicium
565 4002 616 4058 est
636 4016 644 4058 :
669 4005 921 4080 verumtamen,
949 4013 1053 4084 quum
1071 4002 1105 4058 et
1124 3983 1214 4073 mihi
