2648 4824
506 367 788 437 PRAEFATIO.
1143 391 1180 437 rx

127 541 190 589 non
211 514 363 589 sufficere
383 515 433 586 his
453 517 657 611 temporibus
678 516 843 602 arbitrati,
865 540 933 584 nou
954 528 1083 584 tantum
1102 539 1196 605 cum,

126 666 260 761 Nepotis
272 663 381 732 verbis
392 665 586 732 Groecorum
596 665 854 755 Latinorumque
870 661 1047 730 sententias
1061 662 1185 729 usitate·

127 764 343 887 contulimus;¹
355 802 428 888 sed,
450 818 487 871 ut
506 803 619 896 patriae
637 803 737 896 ipsius
755 815 875 870 nostrae
893 802 986 894 quasi
1008 801 1177 894 ingenium

127 945 223 1013 editio
235 945 305 1012 haec
320 966 407 1010 nova
428 967 496 1035 prae
516 965 550 1008 se
567 940 682 1029 ferret,
702 937 874 1009 Gallorum
892 962 1023 1032 quoque
1046 939 1182 1032 scripto·

127 1109 196 1153 rum
217 1082 309 1153 locos
327 1064 447 1150 similes
467 1080 644 1149 identidem
662 1079 886 1168 laudavimus,
907 1104 968 1173 pro
987 1078 1105 1173 quibus
1123 1102 1181 1146 ve-

128 1226 212 1291 niam
234 1248 296 1290 nos
310 1221 362 1290 vel
382 1221 423 1288 ab
443 1219 631 1314 alienigenis
649 1223 880 1315 impetraturos
896 1218 1102 1289 confidimus.
1126 1219 1182 1287 Sic

129 1377 174 1450 et,
190 1376 305 1430 exacta
319 1361 574 1455 uniuscujusque
588 1362 793 1455 imperatoris
803 1358 1006 1439 autjllustris
1022 1361 1184 1448 viri'vita,
1248 1405 1251 1412 ·
1267 1346 1270 1352 ¹

131 1515 199 1593 post
220 1504 357 1569 Graecos
377 1501 595 1593 Latinosque,
616 1473 673 1593 qui
695 1499 794 1591 hujus
815 1500 1016 1568 mentionem
1027 1498 1181 1587 fecerint,

133 1641 168 1708 ad
180 1639 307 1710 Gallica
318 1642 416 1708 etiarn
430 1641 551 1733 scripta
564 1639 738 1727 lectorem,
751 1641 776 1707 si
786 1638 864 1733 quid
879 1638 1070 1734 explicatius
1083 1638 1180 1722 velit,

134 1780 331 1848 remittimus.

177 1938 309 2021 Restat,
332 1950 371 2004 ut
391 1934 431 2003 de
449 1934 678 2005 additamentis
699 1949 1028 2031 pauca-moneantur.
1049 1933 1179 2002 Editio-

66 2053 68 2058 *
134 2097 199 2142 nem
220 2075 307 2144 hanc
328 2074 616 2170 locupletavimus,
630 2078 738 2164 statim
759 2051 800 2144 ab
822 2078 930 2164 initio,
945 2077 1025 2145 Vita
1046 2073 1178 2145 Cornel.

136 2215 261 2309 Nepotis
279 2219 355 2319 aG.
366 2219 395 2284 J.
413 2218 531 2287 Vossio
551 2219 690 2311 scripta,
706 2218 832 2286 Notitia
850 2214 1007 2284 litteraria
1023 2219 1051 2284 J.
1067 2218 1107 2283 A.
1122 2217 1181 2296 Fa·

136 2348 233 2443 bricii,
258 2369 409 2457 veterum
436 2380 475 2424 ac
499 2356 719 2425 recentiorum
743 2355 784 2424 de
806 2355 937 2450 Nepote
967 2355 1180 2441 testimoniis3

136 2494 259 2581 exinde,
282 2497 446 2565 mantissae
468 2492 585 2584 instar,
608 2520 718 2564 rerum
739 2493 1000 2565 memorabilium
1023 2495 1180 2564 Chrono-

136 2627 211 2728 logia
226 2661 267 2703 ex
278 2634 420 2705 editione
433 2634 536 2706 altera
543 2636 748 2725 Tzschuckii,
759 2635 802 2704 oh
814 2636 1008 2705 brevitatem
1022 2651 1054 2704 et
1069 2635 1181 2722 fidem,

136 2770 317 2869 desumpta,
331 2789 364 2844 et
376 2776 428 2864 iis,
443 2801 524 2870 quos
538 2791 674 2864 vocant,
686 2776 901 2863 Excursibus:
916 2776 969 2845 hic
980 2779 1008 2844 J.
1020 2778 1061 2843 H.
1074 2774 1182 2844 Schle-

136 2911 198 3002 gelii
231 2914 511 2985 Observationum
535 2913 673 3002 librum,
701 2940 800 3009 quem
826 2915 888 2983 Th.
918 2914 997 2984 Chr.
1025 2912 1182 3004 Harless,

135 3049 204 3122 dum
225 3052 303 3123 alias
321 3054 545 3124 doctissimum
556 3069 590 3124 et
601 3055 643 3124 ad
663 3055 807 3124 fructum
825 3026 1050 3149 plenissimum
1063 3080 1180 3151 agnos·

135 3193 187 3280 eit,
213 3198 425 3289 parcimoniae
450 3220 547 3264 causa
570 3197 693 3265 invitus
719 3211 963 3291 suppresserat,
985 3196 1053 3266 fere
1074 3211 1181 3266 totum

135 3317 281 3419 maxima,
308 3349 346 3403 ut
372 3335 436 3402 tale
459 3359 543 3429 opus
570 3334 724 3423 decebat,
754 3360 833 3405 cura
857 3336 996 3404 exscribi
1014 3336 1180 3430 jussimus.

133 3471 292 3543 Excursus
322 3474 452 3544 claudet
476 3475 634 3544 hactenus
660 3475 782 3544 inedito
806 3477 890 3544 inter
914 3473 1128 3546 Plutarchum
1148 3489 1182 3544 et

133 3613 288 3709 Nepotem
306 3618 518 3712 comparatio.
533 3619 618 3686 Turn
637 3632 814 3687 occurrent
833 3617 899 3687 duo
918 3603 1074 3706 Indices,
1093 3642 1181 3686 novo

134 3754 233 3825 studio
254 3756 436 3844 emendati,
450 3756 533 3826 alter
548 3758 723 3828 historicus
744 3773 778 3827 et
795 3760 1051 3854 geographicas,
1069 3780 1180 3851 gram-

131 3897 263 3968 maticus
280 3896 378 3986 alter3
394 3879 598 3991 tandemque
613 3898 717 3968 Index
732 3901 971 3994 praecipuarum
985 3898 1181 3982 editionum,
