2648 4824
132 368 194 415 xrv
399 341 665 412 CORNELII
692 342 921 413 NEPOTIS
1019 374 1022 379 ·

131 474 288 546 lustribus
315 473 421 543 solum
449 487 639 567 persecutus
662 487 712 542 est
737 473 932 545 excellentes
955 477 1189 571 imperatores}

130 582 312 652 sedetiam
337 579 668 649 commentationibus
693 578 808 648 claros.
829 581 935 669 Quod
957 599 1190 676 argumentum

129 690 236 783 signat
252 692 289 756 B.
307 687 546 778 Hieronymus,
564 684 757 778 praefatione
779 685 821 755 de
842 689 1063 782 Scriptoribus
1081 689 1190 758 eccle·
1213 768 1219 773 ‚

128 795 283 876 siasticis,
301 792 359 859 ubi
378 793 542 885 Nepotem
561 792 647 859 inter
667 816 724 861 eos
742 792 864 878 refert,
882 818 1023 887 quorum
1038 795 1190 889 exemplo

128 915 263 969 acturus
284 899 325 965 sit
349 896 390 964 de
413 898 471 983 iis,
491 898 548 990 qui
569 897 743 966 scribendo
762 895 961 967 claruerunt.
982 901 1060 993 Egit
1077 904 1189 970 autem

128 1009 242 1099 Nepos
263 1018 334 1072 tum
358 1002 399 1071 de
419 1005 543 1071 Graecis
566 1002 799 1096 scriptoribus,
818 1018 888 1072 tum
910 1004 952 1072 dc
973 1005 1108 1073 Ietinis.
1136 1008 1191 1074 De

130 1111 276 1197 Graecis,
298 1107 418 1202 colligo
436 1107 532 1194 inde,
552 1109 641 1202 quod
659 1109 693 1176 in
710 1110 828 1178 Dionis
848 1111 917 1177 vita
938 1109 1043 1197 dicat,
1067 1110 1189 1180 librum

130 1241 166 1287 se
187 1216 302 1286 fecisse
316 1215 357 1283 de
374 1213 554 1283 illustribus
575 1213 738 1284 historicis
759 1239 766 1281 :
785 1215 900 1308 inquo
916 1217 1003 1284 inter
1021 1214 1084 1284 alia
1102 1231 1190 1286 trac·

129 1323 210 1393 tarit
225 1321 271 1391 'de
297 1319 433 1391 Philisto
458 1320 624 1389 historico.
649 1323 701 1389 Dc
724 1320 874 1407 Latinis,
891 1332 1090 1415 'argumento
1113 1337 1192 1391 sunt

131 1426 283 1522 plurima.
305 1429 392 1495 Nam
412 1426 452 1495 de
470 1427 623 1497 Terentio
640 1426 763 1520 egisse,
784 1450 826 1494 ex
845 1428 1002 1497 Suetonio
1016 1429 1137 1496 seimus
1156 1429 1191 1496 in

130 1535 275 1603 Terentii
289 1534 373 1620 vita,
387 1535 521 1601 Donato
539 1556 712 1625 perperam
729 1531 863 1600 tributa.
878 1532 929 1601 Ad
940 1532 1029 1620 haec,
1043 1534 1191 1626 primum

130 1639 173 1709 ds
193 1641 261 1709 vita
279 1640 448 1709 Ciceronis
463 1636 583 1720 librum
603 1635 728 1706 Gellius
750 1639 845 1726 citat,
861 1636 915 1706 lib.
935 1641 1018 1725 XV,
1032 1662 1106 1732 cap.
1131 1638 1190 1708 28.

131 1748 247 1840 quue
258 1770 296 1813 cx
312 1769 412 1838 opere
432 1744 652 1837 fragmentum
668 1744 889 1838 Hieronymus
903 1744 1018 1831 affert,
1029 1745 1135 1839 Epist.
1149 1743 1191 1812 ad

131 1850 390 1924 Pammachium.
416 1853 490 1918 Imo
511 1847 684 1919 verisimile
706 1865 773 1937 est,
797 1850 874 1918 inde
899 1875 969 1919 esse
989 1865 1061 1919 tum
1087 1851 1191 1919 vitam

131 1959 170 2025 T.
185 1958 359 2050 Pomponii
375 1956 494 2043 Attici,
512 1980 585 2049 quae
599 1969 703 2043 extat,
715 1970 786 2024 tum
800 1958 903 2027 vitam
919 1957 1076 2042 Catonis,
1089 1980 1191 2049 quam

132 2065 201 2132 istis
220 2060 343 2130 claudit
359 2060 468 2130 verbis
491 2087 498 2129 :
523 2091 540 2126 a
559 2061 665 2153 Hujus
684 2061 725 2131 de
739 2063 808 2130 vita
817 2076 860 2185 gt
881 2061 1028 2130 moribus
1041 2058 1137 2155 plura
1156 2062 1191 2128 in

132 2193 173 2238 eo
192 2168 275 2236 libro
294 2168 456 2262 persecuti
472 2191 600 2251 sumus,
622 2192 720 2260 quem
743 2169 918 2261 separatim
934 2166 974 2235 de
994 2192 1035 2236 eo
1052 2167 1191 2235 fecimus

132 2289 252 2369 rogatu
268 2273 333 2342 Titi
352 2274 525 2366 Pomponii
545 2273 654 2341 Attici.
673 2275 787 2361 Quare
806 2273 968 2342 studiosos
989 2273 1125 2341 Catonis
1148 2272 1191 2339 ad

132 2379 213 2454 illud
231 2377 386 2448 volumen
408 2376 599 2473 relegamus.
627 2407 644 2442 n
669 2381 791 2473 Aperte
809 2379 950 2466 indicat,
976 2403 1015 2447 eo
1037 2402 1127 2447 nuuc
1148 2376 1190 2445 de

132 2487 261 2555 Catone
279 2485 412 2553 brevius
434 2510 467 2553 se
489 2509 601 2579 agere,
621 2486 696 2577 quia
709 2487 883 2579 separatim
897 2485 938 2552 de
957 2483 1074 2553 eodem
1086 2485 1207 2576 scrip-J

133 2595 220 2661 serit
247 2595 337 2686 Ergo
363 2591 431 2658 vita
455 2590 511 2658 illa
538 2592 695 2678 Catonis,
718 2615 818 2685 quam
844 2592 956 2685 paucis
981 2589 1190 2684 perstrictam

133 2698 310 2785 babemus,
321 2698 454 2790 majoris
472 2721 548 2790 pars
561 2710 610 2766 est
624 2695 814 2784 voluminis,
829 2698 863 2764 iu
880 2721 946 2789 quo
962 2698 1191 2764 Romanorum

134 2801 355 2898 complurium
372 2804 448 2871 vitae
468 2805 725 2872 continerentur.
738 2800 882 2896 Reliquit
896 2804 1000 2870 etiam·
1013 2798 1192 2893 Exemploss

135 2936 210 2979 rum
232 2908 442 3003 libros,quos
454 2911 557 2978 citant
571 2906 713 2995 Gellius,
730 2905 784 2977 lib.
797 2911 881 2996 VII,
896 2933 967 3002 cap.
985 2904 1193 2993 18,et⁴Cha·

136 3017 248 3102 risius,
266 3015 320 3085 lib.
341 3019 367 3084 Ι.
387 3015 459 3083 Alia
480 3039 610 3109 quoque
631 3014 777 3108 ejusdem
800 3012 936 3082 laudant
960 3027 1110 3097 veteres3
1134 3010 1193 3079 sed

137 3146 206 3189 non
223 3122 321 3206 item,
333 3146 405 3214 quoe
420 3120 462 3188 ad
478 3122 657 3190 historiam*
667 3106 878 3215 pertineantl.
893 3121 981 3189 Nam
994 3143 1035 3187 ex
1054 3114 1192 3212 epistola

180 3369 207 3425 4.
220 3362 334 3426 Titzius,
349 3362 378 3414 in
391 3357 538 3416 Introduct.
552 3381 580 3434 p.
597 3383 642 3433 19,
686 3375 835 3417 mentorum
856 3363 1049 3435 compluscula,
1073 3361 1191 3431 Geogra-

138 3442 194 3495 brec
210 3440 318 3495 scribit:
339 3468 350 3489 ι
370 3440 552 3495 consideranti
574 3443 643 3515 frag·
684 3444 762 3516 pbica
775 3442 895 3516 quaedam
906 3445 940 3497 ab
954 3443 1000 3495 illo
1013 3459 1069 3495 esse
1080 3441 1190 3494 conciu-

139 3533 228 3574 meuta
244 3521 379 3592 scriptoris
393 3522 496 3588 nostri,
512 3522 642 3594 illaprae·
684 3537 760 3590 nata;
775 3525 841 3577 sicut
850 3543 881 3576 ex
890 3523 946 3579 aliis
953 3521 1141 3584 concluserim,
1154 3517 1189 3572 de

137 3602 232 3672 cipue,
246 3619 304 3671 quse
322 3619 354 3652 ex
367 3600 447 3653 Plinii
461 3601 567 3673 majoris
581 3601 642 3655 His·
684 3604 890 3674 Antiquitatibus
913 3601 1045 3672 peculiare
1072 3597 1188 3670 ejusdem

139 3683 208 3734 toria
221 3680 335 3732 naturali
347 3681 493 3751 conquisita
505 3694 578 3746 sunt,
594 3682 643 3733 ob·
685 3680 818 3752 quoddam
831 3682 953 3735 extitisse.
967 3707 978 3728 s
994 3681 1036 3731 Ab
1048 3680 1098 3731 hac
1108 3677 1189 3730 Titzii

139 3754 286 3813 servabitur
300 3760 407 3812 fortasse
420 3761 578 3824 mecum,C.
593 3761 644 3813 Ne·
685 3762 813 3814 sententia
828 3781 855 3814 se
877 3781 932 3814 non
947 3760 1062 3813 alienum
1082 3758 1190 3826 profite-

140 3852 230 3912 potem
236 3839 313 3910 plura
319 3839 426 3910 insuper
433 3857 511 3911 opera
519 3838 643 3905 edidisse,
685 3852 729 3892 tur
743 3859 833 3893 recens
855 3840 958 3906 editor;
976 3838 1022 3910 qui
1036 3838 1143 3890 conficit
1157 3855 1189 3888 ex

140 3938 255 3989 quorum
274 3919 365 3971 titulos
386 3919 464 3971 etiam
484 3920 643 3989 ignoramus.
685 3914 787 3984 Plinio,
798 3921 880 3991 Epist.
889 3913 925 3982 V,
940 3919 971 3984 3,
986 3918 1110 3972 Poeticen
1121 3928 1188 3987 quo·

142 3997 358 4069 Namqueaperte
367 3996 463 4053 docent
471 3997 567 4051 horum
575 3999 644 4070 frag·
685 4017 737 4070 que
750 4000 863 4070 attigisse
876 3999 1035 4054 Cornelium.
1084 3995 1085 3999 ’
