2648 4824
111 427 198 497 ,nv
500 405 840 475 TESTIMONIA

135 559 192 629 illo
207 561 407 655 interprete,
419 575 458 629 ut
474 563 592 649 annis,
614 563 660 632 sic
676 565 784 633 nitore
803 565 982 655 sermonis,
996 565 1095 662 longe
1111 595 1208 667 supe-

134 668 219 754 rior,
230 667 336 762 quod,
351 665 478 738 collatis
489 671 660 764 utriusque
674 672 819 766 scriptis,
830 668 924 742 facile
936 689 1045 768 potest
1054 676 1207 769 judicari.

133 775 187 842 De
214 774 279 844 hoc
306 788 442 843 auctore
461 776 508 844 ita
535 776 616 845 mihi
639 778 747 847 visum
771 793 843 866 est,
862 777 959 850 salvo⁴
974 795 1056 871 tuo,
1077 784 1208 854 erudite

136 877 260 970 lector,
274 881 408 975 judicio.

426 1024 584 1092 ANDR.
619 1026 915 1114 SCHOTTUS,

152 1222 192 1268 IN
212 1223 265 1267 ΕΡ.
287 1221 337 1267 AD
359 1221 455 1268 LECT·
478 1222 582 1269 NOTIS
603 1220 643 1268 IN
663 1212 811 1269 FRAGM(
825 1201 984 1271 NEPOTIS
1004 1225 1185 1275 SUBJECTA.

186 1397 288 1486 Quod
302 1397 492 1467 auctoribus
506 1423 574 1466 non
587 1399 702 1492 paucis
714 1398 870 1468 accidisse
883 1401 1033 1489 memini,
1043 1415 1081 1471 ut
1096 1404 1204 1475 multa

130 1504 253 1599 ingenii
265 1504 556 1592 monumenta,vel
569 1505 647 1598 ipsis
659 1503 768 1573 ablata
779 1505 874 1575 alteri
887 1505 969 1576 falso
985 1511 1203 1580 attribueren-

132 1625 210 1699 tur,
228 1611 280 1680 vel
311 1610 418 1680 aliena
445 1611 524 1705 ipsis
546 1608 806 1703 subjicerentur,
832 1615 954 1706 quoin
976 1613 1095 1709 vulgus
1114 1616 1203 1686 tituli

14 1724 16 1728 ’
131 1716 296 1788 lenocinio
316 1720 420 1812 magis
435 1718 672 1812 probarentur,
687 1731 720 1784 et
732 1733 890 1812 tanquam
904 1744 923 1787 a
936 1721 1099 1791 matribus
1118 1747 1202 1818 sup-

129 1824 230 1919 positi
261 1822 319 1892 filii
340 1850 402 1918 pro
418 1826 505 1893 veris
525 1823 801 1913 obtruderentur,
827 1824 914 1893 idem
934 1828 1068 1921 Nepoti
1085 1844 1205 1900 nostro

130 1956 194 2001 usu
225 1932 373 2018 venisse,
396 1931 506 2000 didici.
533 1931 673 2000 Librum
700 1932 790 1999 enim
812 1930 856 1999 de
883 1936 967 2001 Vita
989 1949 1024 2000 et
1044 1935 1205 2005 Moribus

130 2040 367 2108 excellentium
400 2041 546 2107 Groecioe
576 2043 818 2132 zinpemtorum
845 2038 887 2105 ad
911 2038 947 2105 T.
979 2041 1203 2133 Pomponium

131 2145 279 2213 Atticum
294 2144 453 2238 sequioris
465 2144 567 2212 aetatis
582 2145 710 2212 auctori
723 2141 856 2211 AEmilio
871 2145 982 2214 Probo
993 2147 1204 2216 attribuunt:

130 2275 151 2318 a
167 2275 234 2344 quo
253 2248 377 2345 stylus,
397 2250 591 2343 dicendique
617 2247 749 2345 elegans
768 2250 961 2339 character,
981 2251 1080 2320 A'ttici
1101 2266 1206 2341 aetas,

129 2356 300 2452 multaque
318 2357 518 2450 abjudicant.
536 2358 738 2453 scriptorem
758 2371 874 2424 contra
892 2356 936 2425 de
954 2362 1046 2427 Viris
1063 2360 1203 2428 illustri·

131 2463 195 2534 bus
212 2463 305 2533 urbi's
322 2469 461 2545 Romae,
479 2464 534 2557 qui
555 2487 575 2531 a
593 2466 700 2530 Proca
721 2462 763 2531 ad
784 2465 846 2530 Cn.
862 2465 1057 2557 Pompeium
1076 2480 1206 2558 usque,

129 2573 416 2666 septingentorum
431 2594 596 2638 annorum
614 2571 828 2656 memoriam,
847 2593 964 2663 resque
982 2584 1089 2664 gestas
1106 2573 1203 2638 viro-

19 2670 21 2675 ’
129 2703 205 2746 rum
222 2675 314 2746 domi
329 2676 517 2770 militiaeque
534 2675 711 2743 illustrium
728 2675 874 2742 breviter
891 2675 1073 2769 colligavit,
1095 2674 1205 2746 Plinio

130 2785 252 2853 minori
274 2775 356 2870 (cui
373 2780 477 2850 Aldus
497 2783 668 2850 Manutius
687 2776 930 2875 adscripscrat)
948 2780 1111 2869 ablatum,
1129 2785 1205 2853 Ne·

130 2893 202 2984 poti
230 2888 385 2958 Cornelio
416 2887 597 2957 multorum
628 2889 776 2982 ingratiis
805 2888 1069 2982 inscripserunt,
1097 2904 1132 2956 ct
1163 2915 1205 2958 ex

131 2997 265 3066 Caecilia
287 3009 384 3090 gente
403 2997 435 3063 in
460 2993 666 3081 Corneliam,
687 2995 821 3063 obtorto
844 2993 950 3080 collo,
969 2992 1045 3062 Itali
1066 2994 1204 3087 quidam

132 3124 306 3189 censores,
324 3101 523 3170 Hermolaus
543 3101 723 3188 Barbarus,
740 3103 843 3169 Janus
863 3101 1073 3187 Parrhasius,
1090 3100 1202 3169 Catel-

130 3207 237 3277 lianus
256 3212 376 3291 Cotta,
394 3221 428 3274 et
447 3209 643 3276 Dominicus
665 3206 891 3292 Machaneus‚
905 3205 1023 3299 aliique
1045 3205 1203 3275 traduxe-

11 3310 14 3317 ’
131 3329 220 3382 runt.
255 3315 320 3383 Sed
353 3314 502 3381 neutrius
533 3314 615 3382 mihi
641 3312 773 3399 videri,
800 3310 978 3380 admodum
1009 3310 1205 3383 adolescens

129 3422 229 3490 docui
242 3418 401 3515 singulari
415 3445 534 3489 comm.
550 3421 584 3488 in
599 3445 675 3488 eum
689 3431 876 3504 auctorem,
889 3419 998 3486 Duaci
1013 3433 1046 3485 et
1059 3410 1204 3488 Lutetiae

131 3529 220 3599 edito
230 3554 240 3616 3
249 3541 283 3595 et
296 3553 335 3596 ex
350 3542 500 3595 veterum
515 3525 586 3594 libr.
602 3525 667 3593 fide
681 3526 912 3617 rationumque
927 3525 1105 3592 momentis
1118 3527 1203 3595 Sex.

129 3637 274 3708 Aurelio
303 3639 437 3704 Victori
452 3634 528 3727 jure
555 3630 746 3726 postliminii
776 3631 1009 3699 reddidimus:
1041 3631 1136 3722 cujus
1169 3647 1205 3700 et

130 3742 304 3813 historiam
321 3742 502 3834 Augustam
517 3753 593 3807 ante
607 3763 660 3805 me
675 3751 789 3805 natum
805 3761 989 3831 nusquam,
1002 3735 1091 3829 quod
1109 3739 1202 3832 equi-

129 3850 206 3918 dem
229 3850 350 3934 sciam,
371 3851 457 3942 typis
479 3844 669 3941 vulgatam,
691 3845 881 3938 Antvcrpiae
905 3844 1004 3937 primi
1025 3841 1201 3912 edidimus.

130 3956 261 4044 Quare,
275 3968 313 4024 ut
335 3952 534 4022 illaAEmilio
556 3951 722 4044 adscripta
742 3952 882 4044 Nepotis
901 3975 971 4019 csse
988 3952 1098 4044 γνήσια
1116 3974 1201 4043 pro-

129 4064 264 4152 nuntio,
277 4064 322 4132 ita
338 4063 439 4132 Viros
454 4060 595 4130 illustres
610 4057 717 4128 eidem
732 4057 896 4152 abjudico.
914 4057 979 4127 Sed
993 4069 1070 4126 sunt
1087 4070 1121 4124 et
1135 4055 1213 4124 alia
