2648 4824
503 375 568 442 ET
594 373 826 442 JUDICIA.
1081 404 1195 450 xxxix

128 509 200 602 pius
223 507 264 575 de
286 530 327 575 eo
348 507 550 574 mentionem
570 505 657 574 facit.
681 508 785 575 Ortus
800 507 960 600 siquidem
977 511 1011 577 in
1032 510 1106 579 vico
1122 514 1193 580 Ve-

129 614 319 682 ronensium
335 611 496 699 Hostilia,
514 611 557 680 ad
575 611 656 680 Padi
674 613 761 706 ripas
776 612 856 700 site,
870 628 909 682 ut
926 616 1059 684 Tacitus
1079 632 1195 687 auctor

129 735 194 807 est,
215 720 269 788 lib.
286 721 371 787 XIX
392 719 536 787 historia
556 719 723 812 Augustae.
739 720 816 787 Pius
831 745 963 813 quoque
982 724 1072 816 Papa
1089 725 1142 809 II,
1161 725 1195 791 in

128 828 213 895 Asiae
228 826 468 920 descriptione,
483 850 560 895 eum
578 828 807 895 Veronensem
823 840 937 920 aperte
953 827 1053 897 fuisse
1071 829 1194 921 scribit.

128 932 178 1000 Ad
194 933 285 1001 hunc
298 930 449 1001 Catullus
463 955 547 1026 opus
563 957 659 1001 suum
669 933 773 1018 misit,
784 947 942 1026 tanquam
955 935 1062 1003 civem
1074 960 1171 1003 suum
1187 961 1194 1003 :
1295 933 1299 938 ’

131 1041 223 1130 Quoi
239 1039 331 1107 dono
354 1037 501 1133 lepidum
520 1062 641 1109 novum
661 1039 834 1108 libellum?
854 1041 917 1108 Hic
939 1042 972 1108 in
995 1041 1078 1109 urbe
1097 1044 1195 1112 Cice-

129 1147 217 1214 ronis
235 1160 269 1212 et
287 1147 425 1214 Caesaris
440 1159 591 1239 tempure
605 1147 706 1230 vixit,
720 1147 935 1240 pervenitque
950 1171 1055 1240 usque
1071 1147 1113 1216 ad
1127 1152 1194 1217 Au'-

129 1253 214 1344 gusti
226 1253 459 1346 principatum.
470 1252 611 1346 ‘Scripsit
622 1251 834 1322 disertissime
846 1252 1032 1322 Illustrt‘um
1045 1258 1195 1352 atrorum

128 1364 228 1426 vetas.
257 1359 410 1446 Quarum
429 1371 558 1426 tantum
575 1359 750 1451 Pomponii
770 1360 870 1427 Attici
891 1373 1001 1447 extat,
1020 1384 1093 1454 quae
1108 1375 1195 1431 cete-

129 1487 239 1533 rarum
255 1463 350 1533 facile
368 1467 536 1559 specimen
551 1478 662 1559 potest
673 1465 826 1557 judicari.

427 1677 475 1744 M.
498 1676 607 1744 ANT.
630 1676 904 1759 MURETUS,

394 1876 461 1922 LIB.
491 1876 543 1920 vn
569 1875 650 1920 VAR·
678 1874 775 1920 LECT·
803 1873 879 1920 CAP.
908 1876 929 1918 l.

181 2048 379 2141 Perelegans
400 2023 490 2116 extat
510 2045 630 2114 AEmilii
651 2046 752 2114 Probi
772 2045 815 2113 ad
836 2048 875 2112 T.
898 2047 1118 2140 Pomponium
1136 2049 1194 2132 At·

131 2157 229 2223 ticum
245 2153 391 2241 libellus,
404 2178 471 2248 que
488 2156 683 2222 Graecorum
699 2153 936 2247 imperatorum
952 2153 1028 2221 vitae
1043 2152 1194 2221 mundis-

132 2263 210 2330 simo
231 2286 270 2330 ac
293 2261 475 2329 castissimo
497 2260 654 2327 orationis
673 2283 792 2352 genere
814 2256 1030 2352 explicantur.

430 2471 646 2539 uranon.
682 2470 902 2557 macrus

313 2681 380 2725 m.
409 2680 448 2724 1v
471 2654 824 2742 mrscenrnnuonuu,
848 2678 925 2725 cnr.
950 2679 1007 2724 xv.

179 2847 323 2912 loannes
341 2841 486 2911 Michael
507 2843 648 2926 Brutus,
670 2839 788 2909 nobilis
817 2856 937 2909 nostrae
959 2841 1062 2908 aetatis
1089 2843 1196 2911 Histe

133 2951 230 3038 ricus,
246 2949 414 3018 mensibus
432 2947 674 3042 superioribus,
690 2973 793 3041 quum
805 2946 894 3041 apud
909 2946 1094 3015 Jordanum
1106 2948 1194 3017 Zilc-

132 3070 215 3143 tum,
231 3053 467 3148 Bibliopolam,
479 3079 639 3141 essemus,
656 3079 709 3121 me
724 3053 1018 3148 percunctabatur,
1030 3077 1073 3120 an
1085 3055 1195 3125 adhuc

131 3162 260 3231 Rasileae
284 3187 381 3230 cusus
400 3151 635 3231 essetAEmtla·
648 3160 757 3229 Probi
770 3159 909 3228 letarde
926 3166 1003 3228 vita
1021 3163 1194 3231 excellen-

130 3275 208 3337 tium
222 3276 483 3363 imperatorum,
502 3291 601 3361 quem
611 3291 673 3360 ego
685 3291 725 3334 ex
735 3281 944 3335 vetustorum
956 3266 1193 3361 exemplarirun

131 3375 303 3444 collatione
318 3399 337 3442 a
352 3374 480 3443 mendis
495 3398 563 3442 non
573 3374 690 3467 paucis
700 3374 891 3467 repurgavi,
910 3375 1193 3443 annotationibus-

131 3506 190 3574 que
209 3483 302 3568 auxi,
318 3505 357 3550 ac
372 3506 434 3574 pro
449 3481 575 3548 viribus
590 3478 759 3548 illustravi.
776 3479 901 3548 Aderat
914 3480 1081 3548 Arnoldus
1100 3480 1193 3549 Arle-

131 3588 225 3675 nius,
252 3588 418 3680 Probique
444 3586 555 3655 audita
579 3588 773 3674 mentione,
804 3608 838 3654 se
867 3586 937 3678 ejus
968 3585 1043 3654 libri
1067 3585 1194 3654 calamo

132 3709 299 3763 exaratum
318 3692 506 3788 exemplar,
520 3693 609 3786 quod
628 3695 784 3761 Ferrariae
797 3695 943 3778 emisset,
959 3692 1082 3760 habere
1102 3691 1192 3760 dixit.

133 3800 233 3894 Hujus
263 3799 395 3894 legendi
420 3824 524 3894 quum
555 3798 753 3868 incredibilis
774 3823 829 3868 me
854 3798 975 3892 cupido
1001 3799 1195 3887 incesseret,

132 3908 279 3995 precibus
293 3907 336 3975 ab
355 3930 395 3975 eo
411 3906 580 3993 contendi,
595 3921 634 3975 ut
648 3905 722 3974 libri
739 3905 854 3974 saltem
868 3905 910 3973 ad
925 3904 1025 3972 tridui
1044 3917 1195 3999 tempus,
1310 3915 1312 3919 '

132 4033 190 4104 quo
208 4013 428 4110 percurrendi
439 4012 577 4084 facultas
595 4028 696 4102 esset,
713 4014 795 4106 mihi
806 4011 1079 4108 copiamfaceret
1094 4015 1194 4081 Hunc

225 4148 233 4161 .
773 4142 776 4147 .
933 4132 982 4214 C,
