2648 4824
198 417 276 462 xx11
436 390 662 462 NOTITIA
690 392 1015 460 LITTERARIA.

198 522 488 618 terpretationibus
510 522 728 591 vindicantur.
752 525 793 591 In
815 524 880 592 hoc
895 522 1106 618 spicilegium
1119 525 1261 593 animad-

198 633 366 699 versiones
395 628 485 697 dedit
513 633 589 699 Van
613 631 771 697 Staveren
793 630 932 698 inObs.
960 628 1097 698 Miscell.
1119 630 1259 699 Dorvill.

199 735 453 830 posterioribus,
474 751 496 804 t.
513 737 582 820 VI,
605 760 637 828 p.
665 731 737 805 513
760 761 837 830 seq,
861 736 1031 828 inquibus
1050 762 1083 805 se
1104 735 1261 806 adversus

105 846 108 857 '
200 844 270 936 ejus
292 841 562 936 reprehensiones
585 841 760 909 defendere
784 857 931 910 conatur.

252 950 312 1016 His
327 946 491 1016 addantur
512 951 540 1016 J.
562 951 601 1014 H.
625 947 798 1042 Schlegelii
816 949 1072 1016 Observationes
1091 949 1212 1016 criticae
1231 965 1263 1016 et

187 1055 364 1122 ‘historicae
383 1055 419 1121 in
433 1056 535 1122 Corn.
556 1056 639 1147 Nep.
662 1078 736 1123 cum
751 1052 966 1148 chronologia
986 1079 1048 1121 rer.
1073 1057 1217 1123 Graeear.
1231 1071 1265 1123 et

200 1161 357 1229 Persicar.
377 1161 637 1253 Carthaginiens.
660 1175 694 1228 et
714 1162 892 1228 Romanar.
914 1160 956 1228 ad
974 1160 1127 1229 eumdem
1144 1175 1262 1231 aucto-

201 1291 271 1334 rem
286 1264 534 1348 illustrandum,
556 1269 710 1353 Havniae,
737 1267 853 1362 1778,
872 1271 910 1354 lp,
928 1293 960 1361 p.
983 1290 1022 1334 11
1048 1287 1127 1360 seq.;
1147 1270 1262 1336 Franc.

200 1370 365 1442 Theodor.
382 1372 523 1442 Kohlius
538 1374 571 1438 in
591 1368 767 1442 comment.
784 1374 921 1460 criticis,
933 1373 1054 1440 ,Hamb
1077 1388 1111 1440 et
1131 1372 1264 1461 Kiloni,

207 1503 318 1573 1727,
335 1479 375 1563 83
390 1481 420 1546 I.
433 1481 472 1548 C.
485 1481 515 1547 S.
532 1476 718 1571 explanatio
739 1478 916 1548 verborum
939 1480 1076 1572 Nepotis
1090 1505 1099 1566 3
1114 1481 1150 1546 T.
1166 1481 1264 1546 Pom-

201 1586 322 1678 ponius
343 1586 472 1653 Atticus
490 1585 531 1652 ab
547 1583 663 1651 ultima
684 1585 809 1678 origine
828 1587 937 1678 stirpis
955 1587 1113 1653 Romanae
1129 1609 1264 1679 genera-

201 1705 273 1776 tus,
284 1691 318 1756 in
330 1692 426 1759 Misc.
443 1693 533 1784 Lips.
552 1715 627 1757 nov.
643 1704 666 1757 t.
682 1692 752 1775 III,
767 1705 851 1784 part.
862 1692 924 1776 IV,
935 1715 967 1783 p.
982 1688 1058 1784 669
1071 1691 1266 1778 ;Schwabe,

202 1797 353 1864 Rectoris
374 1794 534 1864 Buttstad.
558 1810 733 1863 comment.
749 1793 935 1864 Periculum
955 1796 998 1863 ad
1014 1799 1115 1865 Corn.
1135 1798 1266 1891 Epami-

203 1901 365 1989 nondam,
387 1904 572 1996 calelI,
589 1902 707 1997 1780,
727 1904 759 1987 Δ.

560 2083 699 2175 Scripta
720 2080 908 2175 deperdita.

257 2237 404 2316 Cornelii
415 2248 552 2341 Nepotis
567 2248 689 2340 scripta
701 2246 871 2340 deperdita
886 2262 957 2316 tum
973 2248 1015 2315 ab
1029 2248 1100 2341 ipso
1113 2301 1122 2335 ‚
1133 2262 1207 2340 tum
1222 2249 1265 2316 ab

206 2350 278 2420 aliis
291 2352 478 2439 veteribus,
493 2353 563 2421 haec
580 2368 807 2435 memorantur
823 2379 830 2420 :

258 2457 421 2544 Libellus,
442 2482 509 2551 quo
527 2457 698 2552 distinguit
717 2458 894 2527 litteratum
914 2459 955 2527 ab
970 2459 1108 2528 erudito.
1129 2460 1263 2527 Sueten.

209 2587 278 2658 cap.
298 2566 349 2634 IV
364 2564 405 2632 de
420 2566 660 2633 Grammaticis.

250 2670 502 2747 ¹Chronicorum
518 2669 592 2737 libri
609 2686 676 2739 tres
687 2669 708 2753 ¹3
730 2669 771 2737 de
787 2696 853 2764 quo
871 2695 971 2764 opere
986 2667 1136 2739 Catullus
1152 2695 1158 2736 :

311 2817 385 2879 Jam
404 2831 494 2897 tum,
513 2837 617 2902 quum
634 2837 731 2878 ausus
751 2837 805 2897 es,
821 2838 907 2880 unus
924 2817 1096 2898 Italorum,

316 2921 422 2984 Omne
440 2943 544 2984 aevum
564 2919 667 2983 tribus
686 2920 842 3007 explicare
858 2921 992 3002 chartis,

286 3047 289 3051 ’
316 3026 445 3104 Doctis,
467 3028 604 3115 Jupiter!
623 3042 656 3090 et
673 3025 850 3090 laboriosis.

259 3177 495 3271 Exemplorum
519 3177 612 3264 libri,
633 3205 776 3272 quorum
804 3178 954 3271 quintum
986 3177 1098 3245 laudat
1124 3175 1271 3264 Gellius,

161 3283 163 3287 ’
208 3284 291 3369 VII,
316 3283 371 3352 18.

259 3372 449 3457 Illustrium‘
465 3390 623 3458 Virorum
646 3387 720 3457 libri
743 3387 948 3483 complures,
970 3414 1112 3482 quorum
1133 3389 1268 3458 undeci-

252 3592 277 3626 1.
298 3573 446 3638 Ausonius,
463 3573 547 3643 Epist.
561 3573 628 3626 XVI
645 3566 718 3633 (Ve·
762 3572 865 3625 fabula.
885 3573 954 3625 Nam
981 3571 1045 3625 fidei
1069 3573 1180 3643 Nepotis
1201 3573 1268 3625 nihil

209 3653 264 3707 neti
278 3651 340 3704 edit.
357 3649 439 3714 111):
456 3679 467 3700 ι
480 3652 593 3723 Nepotis
607 3653 720 3706 Chroni·
761 3652 874 3705 voluisse
892 3651 1030 3705 detrahere
1051 3653 1093 3705 his
1110 3653 1195 3705 verbis
1214 3656 1269 3704 Au-

210 3753 240 3787 ca
263 3731 337 3804 quasi
358 3733 421 3784 alios
443 3734 587 3803 apologos,
610 3751 672 3784 nam
693 3745 719 3784 et
763 3733 882 3797 sonium,
897 3743 970 3804 patet
981 3751 1013 3784 ex
1026 3732 1084 3799 his,
1095 3734 1272 3803 quaesubjun·

210 3813 267 3884 ipsa
277 3812 359 3865 instar
371 3823 432 3866 sunt
442 3812 607 3876 fabularum,
620 3810 653 3864 ad
669 3831 719 3863 no·
762 3811 815 3882 git:
824 3810 964 3864 «Gaudens
976 3824 1054 3883 atque
1063 3812 1143 3864 etiam
1155 3811 1270 3882 glorians

210 3891 340 3944 bilitatem
356 3903 428 3943 tuam
447 3891 514 3944 misi.
542 3917 553 3938 »
575 3889 654 3956 Quod
676 3891 719 3942 ni·
763 3892 820 3944 fore
829 3889 1024 3962 aliquid,qu0d
1032 3889 1066 3943 ad
1076 3891 1271 3945 institutionem

210 3971 309 4024 mirum
323 3989 379 4023 non
400 3970 488 4023 minus
498 3969 615 4042 jucunde
629 3989 720 4023 narra·
763 3983 886 4036 tuorum,
913 3969 1058 4024 sedulitatis
1088 3990 1153 4024 meae
1181 3970 1272 4023 studio

209 4063 269 4104 rent
280 4051 467 4124 efficerentque
479 4051 628 4119 lectorem,
640 4052 720 4122 quam
763 4051 921 4106 conferatur.
940 4077 951 4100 ι
972 4053 1013 4106 Ex
1026 4049 1086 4107 ead.
1100 4050 1226 4124 Epistola.
