2648 4824
211 403 286 449 xm
564 383 914 453 TESTIMONIA

208 515 432 601 aristocratia,
451 512 850 606 gubernabaturpmnco,
874 517 1007 609 opinor,
1027 541 1103 582 eum
1124 541 1193 584 non
1212 519 1278 587 llo-

210 621 314 688 ruisse
340 619 528 688 Theodosio
548 620 758 715 imperante,
781 620 871 714 quod
890 621 1024 714 quidam
1050 621 1176 690 volunt.
1201 627 1278 694 Hoc

209 723 751 821 igiturquummultisfargumeutis
760 727 987 796 demonstrare
996 730 1130 822 possim,
1144 729 1277 800 duobus

210 847 386 901 contentus
402 856 460 900 ero
476 857 484 899 τ
503 856 645 926 quorum
660 834 728 902 boc
742 836 805 903 erit
822 835 984 928 primum,
998 835 1087 929 quod
1103 838 1214 904 statim
1234 839 1277 905 ab

208 939 321 1026 initio,
348 953 382 1007 et
406 940 568 1032 prooemio
592 939 687 1027 libri,
710 942 864 1010 Atticum
887 943 1080 1009 nominatim
1109 941 1278 1036 appellat,

209 1045 335 1138 ipsique
353 1045 435 1113 adeo
447 1046 563 1115 Attico
574 1045 696 1116 librum
711 1047 878 1134 inscribit,
892 1071 931 1116 ac
945 1047 1094 1135 dedicat,
1111 1048 1176 1134 ibi,
1191 1051 1278 1118 Non

207 1149 325 1220 ebibito
319 1152 410 1244 fore
411 1153 608 1247 plerosque,
616 1156 813 1247 Attice,qui
820 1154 885 1222 boc
892 1178 1001 1248 genus
1011 1159 1274 1249 serpitur-mete.

208 1259 325 1356 Neque
338 1273 388 1328 est
401 1258 490 1352 quod
503 1262 676 1353 quisquam
691 1260 780 1328 'inihi'
789 1260 896 1346 dicat,
911 1259 1011 1327 alium
1027 1261 1117 1330 hunc
1136 1283 1206 1328 esse
1222 1263 1278 1329 At·

210 1364 332 1454 ticum,
347 1381 451 1459 'quam
469 1366 622 1453 eumad
636 1364 735 1460 quem
750 1368 879 1460 scripsit
898 1368 944 1435 Μ.
966 1354 1100 1434 Tullius.
1121 1368 1188 1454 Qui
1202 1367 1276 1435 haec

209 1467 405 1567 loquuntur,
414 1472 540 1541 nodum
551 1475 586 1540 in
601 1475 709 1567 scirpo
723 1487 883 1566 quaerunt.
900 1472 1001 1561 Quod
1011 1486 1122 1540 autem
1136 1472 1276 1566 quidam

208 1593 386 1666 testantur,
401 1605 435 1648 se
453 1583 488 1648 in
504 1578 650 1673 quodam
664 1579 750 1647 libro
765 1582 840 1648 MS.
860 1581 905 1646 ita
921 1580 1081 1672 scriptum
1097 1581 1277 1673 reperisse,

208 1687 291 1756 Non
309 1686 515 1777 drrbt’tofhre
532 1687 732 1780 plerosque,
750 1690 810 1779 qui
823 1687 954 1754 Attaoe
966 1685 1031 1753 hoc
1040 1707 1151 1779 genus
1167 1691 1276 1780 scrap-

209 1807 297 1860 turae
310 1795 395 1878 leve,
408 1807 487 1880 etc,
500 1806 598 1885 atque
611 1792 700 1860 'hanc
719 1784 917 1884 scripturam
933 1789 1189 1885 probabiliorem
1202 1816 1276 1860 esse

207 1912 342 1992 recepta
362 1898 422 1966 sibi
433 1898 539 1966 videri
551 1897 686 1984 dicunt,
701 1923 752 1966 nae
768 1895 814 1965 illi
828 1897 952 1990 judicio
972 1885 1048 1966 sunt.
1060 1922 1180 1991 parum
1196 1898 1276 1966 sub·

209 2003 279 2091 tili,
298 2016 358 2075 aut,
378 2003 517 2091 limato,
539 2004 657 2097 quibus
678 2005 749 2073 haec
776 2002 872 2072 lectio
894 1990 1191 2097 probari'ornnino
1214 2025 1277 2098 po·-

209 2112 322 2196 tuerit,
335 2134 438 2203 quum
451 2134 490 2177 ea
501 2109 634 2203 quidem
650 2111 692 2178 sit
702 2111 903 2203 ineptissima
912 2124 1011 2203 atque
1021 2109 1274 2178 absurdissima:

209 2217 294 2283 ratio
312 2229 423 2282 autem
434 2268 443 2302 ,
454 2239 520 2309 qua
538 2239 611 2283 eam
632 2228 799 2302 tutantur,
820 2214 1001 2303 levissima,
1020 2229 1053 2283 et
1070 2216 1213 2283 maxime
1235 2217 1277 2282 ri-

209 2320 333 2404 dicula,
348 2335 518 2389 auctorem
537 2321 660 2390 idcirco
675 2321 762 2390 hanc
781 2323 992 2416 scriptionem
1007 2320 1189 2415 appellasse
1208 2323 1276 2389 At-

207 2433 311 2495 ticam
339 2451 358 2494 a
385 2429 545 2522 principe'
561 2424 697 2496 Graeciae
726 2427 880 2513 civitate,
908 2427 998 2521 quod
1024 2428 1274 2520 'imperatorum

154 2569 157 2574 ·
209 2535 405 2602 Graecorum
426 2536 510 2602 vitas
539 2533 787 2627 complectatur.
811 2534 916 2621 Quasi
937 2558 1017 2621 vero
1039 2557 1148 2602 sermo
1170 2557 1190 2600 a
1209 2557 1275 2600 na-

209 2641 298 2709 tione
318 2664 553 2734 personarum,
579 2639 620 2707 de
641 2629 960 2737 qriibus'habeatur,
990 2641 1030 2708 sit
1058 2638 1276 2733 appellandus

210 2749 367 2834 Graecus,
382 2763 441 2815 aut
459 2749 614 2833 Latinus,
630 2740 688 2813 aut
703 2736 865 2831 GallicuS,
881 2760 938 2815 aut
951 2747 1136 2839 Hispanus,
1151 2746 1276 2813 etitem

209 2852 250 2921 de
269 2855 394 2923 ceteris.
419 2856 492 2948 Ego
512 2878 591 2921 vero
611 2853 808 2946 scripturam
822 2849 911 2920 illam
933 2851 1034 2921 furcis
1047 2849 1276 2945 expellendam

208 2984 297 3043 esse,
320 2975 353 3029 et
377 2949 464 3028 banc
486 2974 652 3053 receptam
679 2957 846 3026 mordicus
868 2956 1073 3026 retinendam
1096 2982 1167 3026 esse
1187 2957 1275 3025 dico.

208 3065 337 3133 Eodem
359 3069 515 3158 pertinet,
538 3065 628 3158 quod
649 3066 684 3132 in
707 3067 834 3133 Catone
859 3064 991 3150 scribit,
1017 3092 1034 3126 a
1061 3087 1094 3131 se
1114 3061 1211 3157 plura
1234 3063 1277 3130 de

209 3172 277 3239 vita
291 3185 324 3238 et
346 3172 493 3239 moribus
504 3172 642 3239 Catonis
658 3173 692 3238 in
702 3194 741 3238 eo
751 3170 835 3265 libro
841 3182 1057 3264 *persecutum
1072 3193 1159 3255 esse,
1173 3193 1276 3261 quern

210 3278 385 3370 separatim
407 3276 448 3343 de
472 3271 530 3362 eo,
548 3274 673 3369 'rogatu
698 3270 763 3343 Titi
789 3270 963 3370 Pomponii
985 3276 1104 3361 Attici,
1131 3273 1217 3343 fecit.
1254 3304 1273 3340 a

209 3381 360 3452 Alterum
385 3395 618 3476 argumentum
647 3396 718 3468 est,
742 3382 835 3474 quod
859 3406 958 3450 nemo
983 3393 1078 3448 aetate
1097 3380 1278 3448 Theodosii

210 3490 256 3558 sic
280 3488 411 3557 locutus
430 3503 498 3575 est,
519 3503 558 3556 ut
577 3488 632 3557 hic
652 3490 793 3580 scriptor
816 3486 970 3580 loquitur.
990 3478 1050 3554 Est
1070 3488 1159 3553 enim
1181 3485 1276 3554 filum

208 3596 308 3688 hujus
330 3595 492 3663 orationis
501 3593 645 3680 subtile,
655 3608 831 3687 pressum,
844 3593 1016 3679 limatum,
1032 3604 1065 3660 et
1078 3590 1176 3686 plane
1196 3594 1279 3661 Atti·

209 3691 1277 3796 cumf,genusquedicendinativum,purum,elegans,nitidum,

154 3857 157 3864 ·
208 3835 276 3878 non
288 3808 510 3895 elaboratum,
523 3831 591 3876 non
602 3806 926 3902 ‘longe'arc'essitum
938 3824 1006 3874 non
1021 3804 1191 3898 putidum,
1208 3830 1277 3873 non

208 3916 365 4005 insolens,
381 3934 487 4010 neque
505 3915 668 3983 teretibus·
686 3913 821 3982 auribus
837 3912 988 3982 odiosum
1002 3938 1011 3999 3
1023 3912 1080 3981 sed
1096 3911 1193 4011 plane
1207 3914 1276 3979 Ro-

209 4047 341 4096 manam
362 4022 603 4119 simplicitatem
616 4036 654 4092 'et
673 4019 869 4091 munditiem
884 4019 1034 4090 'referens
1051 4029 1093 4091 ac
1106 4017 1277 4115 redolens,
