2648 4824
203 371 286 417 xnvi
354 369 358 377 ·
569 346 902 416 TESTIMONIA

202 494 359 549 rentur.»
387 477 450 545 Hic
472 463 603 570 quo'que
629 475 721 545 locus
744 476 911 565 declarat,
933 478 1024 546 hunc
1048 478 1170 550 librum
1198 507 1275 554 esse

200 588 376 682 scriptum,
386 608 452 678 quo
466 597 616 676 tempore
626 582 770 678 populus
781 587 951 654 Romanus
965 587 1094 680 imperii
1104 613 1273 660 summam
1301 617 1306 630 “

201 693 389 778 obtinebat,
404 714 473 759 non
486 714 552 784 quo
564 691 778 784 imperatores
792 693 903 760 omnia
914 693 949 759 in
963 717 1055 761 suam
1069 709 1272 787 potestatem

200 799 406 893 redegerant.
427 799 535 882 Nam,
553 798 807 891 imperatoribus
826 797 1088 887 dominantibus,
1108 804 1273 872 Germani

201 919 235 976 et
255 904 405 973 barbara
426 905 575 972 nationes
593 903 840 973 firmamentum
856 918 890 973 et
907 905 1011 973 robur
1029 921 1125 976 eraut
1144 912 1272 978 exerci-

201 1029 312 1097 tuum,
329 1035 398 1078 non
416 1011 559 1078 Romani
577 1024 635 1078 aut
650 1012 785 1078 omnino
804 1013 922 1078 Latini.
942 1011 1025 1079 [bid.
1048 1005 1209 1103 (XVIII,
1231 1016 1272 1104 8,

204 1145 246 1205 a,
268 1112 341 1208 )sic
363 1142 371 1185 ε
397 1145 414 1181 a
432 1119 584 1210 Namque
602 1114 657 1184 illa
674 1115 819 1210 phalanx
836 1115 1013 1186 Alexandri
1035 1121 1170 1213 Magni,
1194 1147 1272 1214 quae

199 1226 312 1293 Asiam
328 1237 543 1318 peragrarat,
559 1223 790 1317 deviceratque
807 1225 941 1312 Persas,
961 1226 1144 1295 inveterata
1164 1252 1271 1320 quum

203 1330 326 1426 gloria,
347 1344 420 1398 tum
448 1331 547 1414 etiarn
571 1328 720 1416 licentia,
738 1355 807 1398 non
829 1354 946 1424 parere
967 1356 1001 1399 se
1022 1332 1187 1420 ducibus,
1211 1333 1290 1402 sed.

201 1439 365 1533 imperare
378 1434 568 1532 postulabat
579 1462 586 1503 :
597 1451 634 1505 ut
649 1461 741 1505 nuuc
754 1439 901 1504 veterani
919 1437 1043 1505 faciunt
1060 1440 1175 1507 nostri.
1195 1442 1270 1508 Ita-

201 1569 267 1638 que
286 1542 469 1639 periculum
491 1553 617 1629 est,‘ue
632 1543 768 1631 faciant,
781 1543 876 1636 quod
889 1542 936 1611 illi
955 1544 1124 1632 fecerunt,
1140 1569 1200 1613 sua
1219 1548 1271 1612 in·

202 1653 421 1745 temperantia
442 1650 606 1741 nimiaque
628 1647 758 1717 licentia
785 1655 823 1716 ut
840 1651 951 1718 omnia
970 1651 1135 1744 perdant;
1160 1676 1272 1746 neque

202 1759 311 1825 minus
338 1781 416 1842 eos,
442 1779 518 1823 cum
545 1755 665 1847 quibus
687 1755 860 1842 steterint,
885 1780 985 1849 quam
1007 1757 1164 1825 adversus
1187 1783 1272 1852 quos

204 1864 350 1932 fecerint.
367 1891 385 1926 n
408 1862 471 1928 Hic
490 1859 604 1947 locus,
621 1862 647 1928 si
668 1875 791 1929 attente
808 1862 1048 1946 consideretur,
1071 1885 1204 1957 unaque
1225 1863 1272 1932 le-

204 1983 344 2062 gantur,
368 1991 441 2061 quae
464 1965 507 2034 ad
528 1992 605 2035 eum
625 1969 876 2056 annotavimus,
897 1970 1052 2037 omnium.
1065 1970 1273 2063 apertissime

202 2075 326 2143 indicat
357 2088 462 2167 atque·
482 2075 616 2167 arguit,
643 2075 741 2167 hujus
765 2073 840 2142 libri
868 2076 1063 2170 scriptorem
1096 2075 1273 2145 consulum

159 2263 162 2268 Ι
202 2204 412 2268 annuorum,
434 2204 501 2248 non
526 2181 763 2273 imperatorum
789 2195 1046 2275 perpetuorum,
1065 2182 1274 2276 temporibus

204 2303 237 2356 et
256 2286 410 2354 floruisse
424 2300 458 2353 et
479 2288 655 2380 scripsisse.
677 2289 719 2355 ln
741 2289 868 2356 Catone
887 2281 1045 2376 (XXIV,
1063 2314 1105 2374 a,
1123 2313 1157 2375 a,
1171 2281 1184 2376 )
1200 2289 1273 2357 sic:

208 2423 225 2458 α
243 2393 295 2462 Ibi
309 2417 412 2486 quum
434 2392 556 2461 diutius
577 2407 783 2480 moraretur,
799 2397 834 2462 P.
851 2395 960 2487 Scipio
981 2393 1174 2481 Africanus,
1191 2419 1274 2462 con-

203 2498 255 2570 sul
269 2500 409 2584 iterum,
420 2498 514 2591 cujus
532 2500 567 2566 in
585 2501 697 2594 priore
708 2499 886 2570 consulatu
907 2514 1050 2593 quaestor
1068 2499 1196 2588 fixerat,
1212 2525 1273 2568 vo·

203 2606 265 2675 luit
285 2630 361 2673 eum
389 2604 431 2673 de
456 2607 628 2699 provincia
657 2604 844 2698 depellere,
869 2620 903 2675 et
929 2607 999 2700 ipse
1023 2607 1054 2674 ei
1083 2606 1272 2674 succedere.

203 2716 323 2807 Neque
335 2712 401 2781 hoc
413 2737 473 2806 per
484 2727 636 2781 senatum
647 2711 780 2780 efficere
795 2715 921 2806 potuit,
933 2736 1036 2805 quum
1050 2711 1184 2805 quidem
1200 2714 1273 2781 Sci·

204 2822 260 2915 pio
276 2820 310 2888 iu
333 2820 465 2888 civitate
481 2819 1014 2913 principatum'obtineretrquodz
1031 2833 1103 2885 turn
1126 2843 1194 2886 non
1210 2843 1272 2912 po·

204 2928 326 3014 tentia,
341 2924 400 3021 sed,
412 2926 504 3018 jure,
526 2923 711 3020 respublica
732 2925 1032 2994 administrabatur.
1058 2925 1179 3012 »Quis
1201 2948 1274 2992 non

204 3033 313 3119 videt,
342 3032 393 3100 his
414 3035 527 3127 paucis
551 3032 665 3102 verbis¹
682 3034 863 3125 potentiam
885 3031 1051 3125 Pompeii,
1072 3045 1105 3098 et
1129 3031 1275 3098 maxime

206 3138 364 3224 Caesaris,
379 3136 525 3206 vellicari
544 3163 583 3206 ac
598 3137 733 3207 notari?
745 3139 804 3206 Hi's
819 3138 888 3206 fere
906 3138 1108 3232 argumentis
1127 3160 1166 3203 ac
1180 3132 1274 3204 testi-

207 3245 326 3312 moniis
341 3245 378 3310 in
389 3243 476 3312 hanc
489 3245 678 3338 opinionem
693 3243 857 3330 adducor,
867 3258 906 3312 ut
918 3267 973 3312 eos
988 3266 1190 3336 magnopere
1205 3241 1274 3312 falli

205 3351 406 3436 existimem,
433 3351 497 3443 qui,
514 3350 614 3443 hujus
642 3349 717 3418 libri
745 3352 941 3444 scriptorem
970 3363 1066 3418 aetate
1094 3347 1274 3417 Theodosii

206 3457 325 3526 vixisse
348 3456 626 3550 pronuntiarunt,
652 3458 802 3549 quamvis
822 3458 937 3549 magni-
959 3457 1109 3524 nominis
1126 3455 1217 3541 sint,
1239 3455 1273 3520 in

205 3563 326 3659 quibus
344 3576 394 3631 est
413 3561 634 3631 Robortellus.
656 3565 770 3631 Fuerit
794 3564 881 3631 enim
906 3563 1117 3656 quantumvis
1135 3559 1274 3646 doctus,

207 3668 321 3740 multis
348 3672 382 3737 in
406 3669 511 3738 rebus.
530 3669 629 3737 fuerit
653 3667 817 3739 oculatus=÷
835 3685 869 3737 et
893 3671 1087 3764 perspicax,
1106 3665 1209 3736 solers
1240 3680 1274 3734 et

208 3791 325 3848 acutus
338 3801 345 3844 :
360 3777 534 3871 ignoscant
554 3776 634 3843 mihi
656 3780 776 3843 tamen·
789 3774 971 3847 Robortelli
986 3796 1104 3843 manes
1124 3799 1132 3840 :
1152 3775 1192 3840 in
1204 3773 1273 3840 ‘hac

208 3909 327 3977 parum
342 3884 444 3970 vidit,
453 3881 693 3977 valdeque-lixit
707 3884 838 3976 pinguis
852 3882 1028 3951 actardus.
1042 3879 1152 3969 ‘Quod
1161 3894 1273 3947 autem

206 3992 305 4060 etiam
320 4015 446 4061 versus
470 3989 516 4058 ad
536 3989 608 4058 hoe.
624 3988 838 4082 probandum:
859 3988 1023 4077 afferunt,
1048 3989 1152 4081 iisque
1175 3985 1287 4055 valde.
