2648 4824
128 356 196 404 rur
515 337 776 405 EDITORIS

129 495 257 582 vexati,
269 519 289 562 a
303 495 469 563 veteribus
478 498 597 564 nostris
607 496 811 564 bibliotheca
821 495 1187 567 Parisiensiscodicibus

129 625 332 728 (presertim
353 659 384 702 n.
412 616 527 730 5857,
549 630 693 725 6143),
713 634 765 703 vel
779 635 823 704 ab
835 636 967 730 optimis
986 638 1186 706 Batavorum

130 777 440 868 Germanorumque
458 774 586 868 scriptis
604 789 662 843 aut
680 771 774 843 editis
788 771 892 862 libris,
907 774 1064 844 auxilium
1082 790 1116 845 et
1136 775 1186 844 lu·

129 939 202 983 cem
221 927 346 982 attenta
360 916 605 1008 comparatione
622 917 762 982 mutuati
783 938 905 983 sumus.

183 1070 301 1139 Varias
324 1095 404 1140 vero
423 1068 593 1160 lectiones,
615 1073 737 1166 quippe
758 1097 831 1165 quae
851 1071 926 1141 soloe
941 1071 1067 1164 justum
1088 1069 1188 1140 volu-

130 1236 206 1280 men
225 1211 361 1305 implere
382 1227 533 1306 possent,
559 1215 729 1282 universas
752 1212 849 1282 edere
871 1237 973 1308 quum
999 1236 1100 1308 penes
1125 1237 1188 1299 nos

131 1377 199 1422 non
221 1366 319 1439 esset,
334 1355 432 1421 certis
451 1351 571 1422 finibus
583 1353 862 1456 circumseriptos,
879 1378 936 1422 eas
951 1364 1078 1421 tantum
1095 1352 1189 1421 dele-

131 1497 238 1591 gimus
259 1495 525 1564 annotationibus
543 1494 809 1564 intermiscendas
820 1550 829 1584 ,
842 1520 923 1590 quas
941 1496 1107 1564 sententiae
1120 1497 1190 1582 vis,

130 1637 348 1729 antiquitasve
368 1635 443 1703 libri
465 1635 739 1723 commendabat3
757 1658 863 1728 neque
882 1634 964 1703 adeo
985 1634 1187 1720 scribarum,

130 1775 199 1842 sive
213 1798 389 1868 operarum
401 1772 567 1856 erroribus
578 1772 655 1841 hinc
665 1771 739 1841 inde
751 1772 940 1867 colligendis
949 1773 1186 1844 insudavimus.
1215 1829 1221 1837 .

182 1930 340 2001 Deleetus
356 1953 487 2024 quoque
501 1929 673 1998 habendus
692 1929 754 1998 suit
768 1930 802 1996 in
820 1931 1065 1999 commentario.
1089 1929 1189 2040 Multi

130 2074 217 2142 enim
239 2072 433 2183 erpheanda
439 2084 681 2200 pratereunt3·
684 2072 728 2168 in
729 2071 946 2165 supervacuis
957 2072 1187 2140 immorantur

130 2215 222 2282 Dum
250 2183 420 2280 elethehta
425 2212 469 2279 et
483 2192 681 2328 syllahas
642 2181 856 2298 'eximinann
881 2235 986 2279 annus
1014 2225 1072 2279 est.
1100 2215 1190 2299 Nos,

131 2353 313 2446 perspicuae
337 2338 512 2436 breuitatis
522 2340 679 2439 studiosi,
701 2353 834 2446 optimis
853 2352 1029 2452 Variorum
1051 2353 1137 2420 notis
1156 2367 1191 2420 et

131 2491 252 2560 criticis
260 2506 338 2579 ,et,
356 2477 735 2596 quavatdepraestant
756 2492 940 2579 historicis,
960 2516 1064 2560 novas
1076 2491 1189 2586 plures

131 2630 325 2700 addidimus
345 2599 452 2724 Atque
460 2598 539 2699 hic'
549 2594 727 2723 piaiiuhiin
733 2645 817 2698 esset
837 2656 904 2698 non
928 2629 1040 2717 fateri,
1063 2646 1189 2724 quanto

132 2772 227 2841 nobis
254 2771 445 2864 adjumento
475 2770 598 2839 fuerint
625 2770 766 2839 editores
794 2770 932 2863 Nepotis
965 2771 1196 2867 recentiores,

132 2915 161 2980 J.
199 2910 287 2979 Frid.
314 2911 474 3014 Fisoher,
497 2910 559 2978 Th.
586 2911 667 2979 Chr
698 2908 856 2996 Harless,
885 2913 936 2977 Fr.
974 2910 1194 2999 Schmieder,

132 3054 168 3121 F.
183 3051 224 3118 R
235 3049 396 3155 Rieldefs,
412 3051 491 3119 Chr.
502 3053 543 3118 H
558 3051 688 3119 Pausser
694 3064 814 3144 atque
826 3075 860 3117 m
872 3075 986 3144 primis
996 3075 1047 3117 vir
1062 3049 1191 3119 diffusae

133 3192 292 3261 doetrinae
305 3188 438 3284 plenus,
450 3204 482 3258 et
495 3215 604 3258 rerum
619 3192 905 3285 grammaticarum
919 3190 1190 3279 studiosissimus,

59 3405 63 3412 ,
133 3333 210 3400 Car.
233 3333 335 3398 Henr.
350 3329 558 3417 Tzschueke,
576 3332 629 3399 cui
647 3345 805 3424 quantum
826 3329 1030 3398 debeamus
1021 3354 1091 3425 ipse
1108 3329 1192 3398 liber

56 3567 59 3573 ι
134 3453 240 3542 fidem
261 3470 367 3538 faciet.
393 3473 518 3538 Paucas
545 3471 643 3538 etiam
669 3466 757 3540 Guil.
786 3473 887 3538 Henr.
919 3465 1041 3538 Bardili
1067 3484 1192 3558 notas,

134 3635 237 3707 quum
252 3611 443 3680 Staveriana
457 3607 557 3678 editio
574 3633 594 3676 a
612 3611 656 3679 V.
673 3612 713 3678 C.
726 3611 908 3703 recognita,
922 3634 1023 3704 opere
1040 3609 1105 3676 hoc
1123 3608 1192 3676 fere

135 3751 304 3842 absoluto,
318 3750 512 3846 Stutgardiae
524 3749 713 3845 prodiisset,
722 3751 807 3819 inter
818 3753 984 3820 Excursus
996 3747 1038 3818 ad
1051 3747 1192 3816 volumi-

17 3948 20 3955 ,
136 3891 186 3960 nis
206 3891 307 3963 finem
324 3892 504 3987 rejecimus.
523 3892 634 3982 Quin,
652 3892 767 3985 priseae
785 3891 975 3962 eruditionis
996 3902 1192 3983 apparatum
