2648 4824
492 356 555 422 ET
585 352 819 422 JUDICIA.
1090 378 1190 427 111111

128 480 322 559 movebatur
339 488 387 572 is,
407 510 506 579 quem
526 484 626 555 modo
647 485 923 570 commemoravi,
951 482 1192 579 Robortellus3

128 596 243 688 siquis
263 618 319 662 eos
336 605 461 660 attente
482 592 586 686 leget,
603 589 777 684 intelliget,
796 615 863 658 non
882 605 1068 677 auctorem,
1089 608 1136 679 et,
1154 611 1193 664 ut

128 703 173 770 ita
187 701 312 786 dicam,
328 713 499 792 parentem
514 696 590 766 libri
605 696 798 792 significari,
813 695 870 765 sed
884 699 1079 792 scriptorem
1093 697 1192 768 libra-

130 809 229 893 rium,
244 804 279 873 id
298 818 363 891 est,
381 828 475 892 emn,
493 806 549 898 qui
566 827 667 872 manu
688 803 915 896 descripserit,
936 827 1123 899 quanquam
1139 806 1192 874 di-

131 927 212 981 serte
232 911 313 978 dicit
330 933 401 978 esse
418 891 620 1004 descriptum
645 933 664 977 a
683 909 804 992 tribus,
830 932 911 996 avo,
933 924 1039 978 matre
1059 926 1094 978 et
1113 910 1190 981 filio.

129 1017 190 1087 Sed
211 1030 348 1111 praestat
362 1040 478 1085 versus
494 1016 696 1102 adscribere,
709 1029 748 1083 ut
765 1012 868 1085 lector
883 1015 1030 1084 eruditus
1048 1031 1083 1084 et
1102 1019 1193 1112 iuge·

130 1125 238 1192 niosus
263 1123 423 1190 continuo
445 1146 505 1215 per
531 1146 566 1190 se
587 1119 769 1214 intelligat,
790 1120 878 1189 unde
899 1136 977 1189 nata
1001 1123 1042 1191 sit
1059 1122 1193 1217 vulgata

131 1230 258 1323 opinio,
268 1225 436 1296 AEmilium
449 1228 595 1297 Probum
610 1252 681 1295 esse
694 1226 793 1320 hujus
808 1225 882 1294 libri
894 1241 1079 1296 auctorem:
1093 1233 1132 1297 V
1127 1231 1195 1300 ade
1256 1262 1259 1266 “

131 1335 222 1420 b'ber,
244 1348 306 1402 etc.
323 1326 369 1427 (p.
384 1325 458 1421 xx).
473 1334 557 1421 Quis
576 1357 644 1401 non
661 1331 769 1418 videt,
786 1331 848 1400 hos
865 1358 980 1402 versus
1000 1358 1069 1403 non
1087 1335 1194 1405 solum

132 1441 348 1534 inelegantes‚
363 1440 513 1532 ineptos,
534 1453 567 1507 et
580 1437 666 1506 male
686 1451 801 1524 natos,
821 1461 939 1506 verum
961 1441 1060 1508 etiam
1075 1442 1118 1509 ab
1136 1443 1194 1510 ali·

133 1572 194 1640 quo
212 1543 380 1614 nebulone
404 1544 538 1612 indocto
564 1558 596 1612 et
620 1543 783 1622 barbaro,
808 1557 884 1629 aut,
902 1568 944 1612 ne
962 1545 1041 1638 quid
1062 1549 1195 1640 gravius

134 1652 260 1734 dicam,
283 1675 302 1718 a
324 1651 484 1744 scriptore
507 1648 641 1718 librario
666 1651 722 1717 vix
740 1649 943 1736 semidocta,
967 1674 1039 1719 esse
1063 1651 1196 1722 factos?

134 1783 274 1852 quorum
298 1758 326 1826 si
344 1754 444 1824 velim
465 1755 595 1848 singula
616 1755 718 1823 verba
732 1755 828 1848 justis
849 1755 1051 1848 ponderibus
1072 1761 1195 1828 exami-

136 1887 210 1933 nare
225 1878 260 1932 et
271 1861 425 1956 syllabas,
440 1861 606 1956 pedesque
621 1861 779 1948 dimetiri,
793 1875 827 1928 et
845 1863 1039 1930 sententiam
1054 1887 1195 1958 perpen-

107 2016 108 2022 1
137 1969 226 2056 dere,
240 1983 276 2037 et
292 1969 373 2039 vitia
385 1969 499 2036 omnia
514 1967 632 2061 digito,
648 1982 706 2035 aut
719 1967 818 2035 etiam
836 1981 919 2035 nutu
936 1967 1080 2037 indicare
1095 1996 1105 2058 ;
1118 1997 1196 2065 pro·

137 2075 209 2144 bem
227 2074 441 2168 quantumvis
461 2088 519 2142 aut
536 2074 722 2168 pervicaci,
740 2087 798 2141 aut
817 2072 947 2161 hebeti,
967 2074 1085 2169 dignos
1104 2101 1196 2163 esse,

138 2183 188 2274 qui
214 2181 381 2250 levissimo
406 2178 503 2248 alicui
529 2194 565 2248 et
586 2177 742 2247 vilissimo
767 2178 1016 2274 ludimagistro,
1040 2206 1198 2254 versuum

140 2287 387 2355 scribendorum
411 2287 582 2380 prurigine
610 2300 767 2379 perusto,
792 2299 826 2353 et
853 2286 1004 2355 versibus
1034 2288 1197 2360 inscitiam

141 2407 233 2486 atque
245 2392 451 2462 inscientiam
465 2416 559 2477 suam
571 2390 726 2460 omnibus
739 2389 931 2480 declaranti,
941 2391 1023 2461 nihil
1039 2409 1199 2489 praeterea

141 2500 336 2593 assequenti,
350 2521 408 2567 seu
421 2499 532 2593 potius
546 2521 653 2591 coquo
669 2495 805 2592 fuligine
821 2512 995 2591 cooperto,
1009 2514 1043 2568 et
1056 2502 1200 2572 immun·

143 2603 212 2674 ditie
230 2604 448 2697 sordibusque
470 2606 599 2697 popinae
621 2601 789 2696 squalid0,
810 2604 1006 2673 tribuantur.
1030 2610 1200 2679 Hactenus

144 2711 235 2803 igitur
261 2711 303 2779 de
328 2722 500 2804 tempore,
521 2724 554 2777 et
575 2723 668 2778 aetate
686 2712 791 2778 nostri
813 2712 982 2804 scriptoris
1004 2712 1046 2780 sit
1066 2737 1086 2781 a
1104 2715 1200 2785 nobis
1262 2796 1265 2801 ⁴
1286 2744 1287 2748 ¹

144 2815 351 2911 disputatum.
361 2818 460 2884 Nune
473 2814 515 2882 de
529 2818 677 2902 nomine,
686 2841 744 2885 seu
757 2817 944 2885 nominibus
958 2817 1137 2888 videamus.
1151 2822 1201 2891 Ac

144 2924 283 3014 primum
304 2921 346 2988 ab
369 2922 513 2990 AEmtlzb
537 2923 667 2991 initium
694 2945 872 2991 sumamus.
900 2924 1061 2991 AEmiltirs
1082 2927 1201 3020 igitur,

145 3052 216 3116 seu,
237 3043 278 3096 ut
294 3025 351 3095 alii
369 3028 536 3114 scribunt,
557 3029 734 3113 Aimilius,
751 3051 873 3097 nomen
889 3043 939 3096 est
950 3028 1089 3122 gentile,
1102 3023 1201 3126 idque

144 3136 390 3227 perantiquum,
411 3147 445 3201 et
464 3131 559 3201 valde
579 3132 712 3221 nobile,
730 3148 846 3203 notum
866 3133 1007 3227 denique
1028 3139 1201 3228 omuibus,

144 3241 194 3332 qui
216 3239 318 3310 libros
336 3241 473 3308 Latium
493 3239 546 3307 vel
567 3242 701 3309 summis
722 3241 831 3335 digitis
851 3243 1039 3335 attigerunt.
1055 3246 1203 3316 Fuerunt

145 3348 226 3414 enim
255 3347 394 3415 AEmtlr‘t
411 3345 594 3434 Embolos,
622 3348 758 3416 AEmilt'r'
775 3350 887 3440 Papi,
914 3351 1050 3418 AEmilit'
1068 3355 1200 3440 Pauli,

145 3454 278 3521 AEma'lie'
296 3452 425 3546 Lepidi.
453 3452 587 3521 Probus
618 3466 729 3520 autem
750 3477 935 3547 cognomen
967 3470 1035 3543 est,
1062 3456 1096 3524 id
1129 3474 1205 3546 est,

146 3556 272 3627 lamiliae
293 3583 437 3647 nomen,
458 3560 599 3652 antiquis
620 3560 787 3652 ignotum,
808 3574 842 3627 et
861 3561 1096 3653 posterioribus
1114 3577 1204 3632 tem-

146 3664 298 3754 poribus,
320 3665 439 3758 quibus
467 3665 529 3734 sub
549 3666 645 3733 unius
667 3664 804 3734 arbitrio
822 3680 855 3734 et
876 3680 1036 3759 potestate
1057 3693 1109 3737 res
1130 3672 1201 3738 Ro-

147 3793 264 3858 mana,
289 3783 390 3862 atque
415 3771 497 3840 adeo
525 3771 616 3840 orbis
640 3786 804 3840 terrarum
832 3773 1049 3860 vertebatur,
1074 3789 1200 3844 natum.

147 3874 242 3944 Extat
256 3878 396 3945 Ausonii
410 3877 561 3972 epistula,
575 3877 689 3947 ordine
703 3880 840 3966 XVIII,
850 3904 890 3947 ex
905 3879 1045 3950 editione
1057 3881 1203 3950 Christo

147 3979 239 4071 pheri
252 3981 413 4072 Plautini,
427 3983 468 4054 ad
475 3984 625 4056 Probum
639 3984 814 4081 quemdam
827 3985 1021 4081 praefectum
1034 3990 1208 4086 praetorio,
